3602 5304
1385 485 1444 546 193

814 695 842 754 3.

209 809 447 876 Oomtitatiooes
468 809 589 874 concilii
603 829 624 872 n
638 809 709 874 aedo
723 829 855 874 cornone
876 809 1100 892 confirmantur
1115 819 1237 896 eccepto
1251 813 1387 898 capitolo
1403 813 1443 878 de

207 913 424 980 iurisdictione
444 915 589 980 nonensis
604 915 747 998 episcopi.
779 913 870 1000 Papo
884 913 1025 981 Joonner
1042 914 1080 980 X
1091 917 1354 1002 archiepiscopatu
1375 938 1447 1002 apo·

208 1018 357 1084 lotmsem
380 1015 535 1083 Joonoem
556 1039 625 1084 cum
651 1017 802 1104 Groporio
824 1021 955 1084 moenai
976 1021 1114 1105 episcopo
1138 1021 1220 1087 iubet
1234 1023 1277 1086 ad
1292 1041 1324 1088 ao
1346 1023 1449 1088 conire

319 1121 545 1208 componendae
567 1122 633 1188 litis
655 1143 761 1208 conso,
782 1125 998 1208 praesentibus
1020 1125 1130 1210 leporis
1152 1127 1219 1190 suia
1241 1134 1336 1193 miae.

254 1245 326 1312 Hac
341 1243 477 1330 itaque)
493 1245 603 1312 habita
618 1245 855 1327 deliberatione,
879 1265 961 1330 quae
987 1267 1084 1331 supra
1105 1250 1223 1331 scripta
1239 1249 1447 1332 continentur,

210 1356 326 1418 cuncta
349 1350 574 1434 perordinem
597 1357 704 1417 sancta
736 1352 874 1434 synodus
905 1370 1035 1418 romano
1066 1351 1208 1434 pontifici
1235 1351 1449 1421 confirmanda

209 1474 271 1538 per
293 1455 395 1522 dicms
419 1473 493 1522 suos
515 1455 640 1540 legatos
663 1457 829 1538 episcopos
841 1462 874 1522 et
888 1457 1019 1523 Petrum
1034 1457 1273 1540 praesbyterum
1289 1459 1448 1541 spalaten-

209 1579 279 1627 sem
302 1561 433 1626 insertis
455 1560 570 1626 litteris
591 1561 742 1627 nunciare
758 1561 917 1642 decreuit,
942 1568 1098 1643 quatenus
1124 1563 1275 1630 diuinitus
1299 1565 1450 1646 antiquae

211 1664 376 1750 religionis
399 1665 515 1748 dogrna
536 1667 568 1730 in
591 1664 734 1732 ecclesiis
749 1666 1003 1732 Dalmatinorum
1018 1667 1149 1733 arbitrio
1165 1669 1277 1734 summi
1293 1668 1449 1752 pontilicis

209 1770 364 1836 uniuersa
386 1769 564 1852 praelibata
587 1771 786 1836 sortirentur.

256 1873 322 1940 Sed
344 1893 414 1940 cum
437 1877 608 1941 terminare
631 1881 746 1941 cuncta
760 1875 899 1958 legitime
914 1876 1044 1957 eumque
1059 1893 1148 1942 more
1163 1877 1447 1959 praestolaremur:

211 1977 274 2044 fuit
296 1977 396 2044 frater
417 1984 526 2045 noster
547 1978 748 2062 episcopus⁴¹
776 1981 941 2060 nonensis,
965 1981 1028 2065 qui,
1055 1981 1114 2046 sibi
1137 1983 1297 2048 uindicare
1319 1983 1449 2064 cupiens

209 2083 382 2166 primatum
405 2083 670 2150 dalmatiauorum
701 2085 937 2166 episcoporum,
968 2085 1029 2152 hoc
1058 2085 1144 2167 quod
1166 2104 1228 2151 non
1252 2087 1448 2168 expediebat,

209 2193 322 2256 contra
345 2188 461 2254 dictam
483 2187 638 2271 synodum
661 2189 693 2253 in
717 2189 846 2256 auribus
876 2189 1056 2272 apostolicis
1079 2189 1232 2256 iniustum
1253 2191 1359 2257 iniecit
1383 2209 1449 2258 cer-

210 2297 328 2358 tarnen
354 2292 455 2372 Quam
478 2293 518 2360 ob
541 2311 608 2360 rem
631 2293 757 2360 diuersa
780 2311 799 2359 a
821 2294 944 2360 nunciis
959 2294 1166 2360 recitantibus
1183 2294 1222 2359 de
1237 2295 1287 2361 his
1302 2314 1449 2378 praesen-

210 2397 298 2464 unus
314 2403 348 2464 et
361 2397 476 2465 litteris
490 2397 674 2479 patentibus
687 2415 749 2463 non
763 2397 918 2480 aequalia
936 2398 1124 2482 ambiguitas
1136 2417 1284 2466 romanae
1297 2400 1449 2467 ecclesiae

207 2500 295 2568 facta
317 2521 380 2569 non
404 2501 525 2569 difinita
547 2502 589 2568 ad
603 2520 662 2574 nos
687 2501 765 2586 (s)et
786 2501 923 2570 finienda
938 2503 1051 2583 adhuc,
1075 2503 1213 2586 epistola
1229 2524 1248 2570 a
1263 2505 1448 2573 beatissimo

209 2625 294 2691 papa
316 2606 463 2676 Johanne
484 2625 543 2689 per
565 2607 705 2690 legatum
728 2607 905 2674 nostrum⁴⁸
926 2609 1060 2674 remissa
1082 2614 1150 2674 est:

253 2711 418 2779 lohannes
435 2712 609 2796 episcopus,
627 2729 740 2778 seruus
757 2729 922 2779 seruorum
937 2713 997 2792 dei,
1014 2712 1165 2779 confratri
1179 2719 1288 2781 nostro
1300 2713 1448 2796 lohanni,

209 2816 408 2884 salonitanae
424 2817 576 2883 ecclesiae
591 2817 837 2900 archiepiscopo,
854 2821 887 2885 et
902 2817 1051 2884 Formino
1067 2819 1225 2903 episcopo,
1243 2821 1452 2901 omnibusque

211 2923 279 2988 suis
302 2919 521 3004 suffraganeis.
546 2920 628 2999 Quia
649 2922 682 2987 in
705 2921 797 2988 nobis
820 2927 891 2988 orta
913 2921 973 2987 fnit
995 2925 1156 2989 eontentio
1180 2931 1255 2990 aute
1271 2930 1450 2990 nostrorum

210 3027 390 3111 legatorum
419 3027 632 3108 praesentiam
664 3025 704 3094 de
734 3026 953 3094 ecclesiasticis
982 3027 1133 3109 negotiis,
1167 3027 1329 3106 uolumus,
1352 3035 1389 3094 ut
1411 3028 1452 3094 ad

210 3131 322 3198 limina
345 3130 560 3213 apostolorum
583 3131 749 3198 uenientes
766 3137 839 3197 ante
855 3137 997 3199 nostram
1021 3138 1264 3215 nostrorumque
1287 3134 1450 3217 episcopo·

210 3255 282 3302 rum
305 3235 521 3318 praesentiam
545 3241 658 3302 cuncta
679 3234 815 3302 diffinire
837 3241 1000 3320 saogatn.
1031 3237 1112 3315 Quia
1129 3243 1205 3303 tunc
1226 3237 1378 3320 perfectio
1400 3257 1450 3304 re-

212 3341 341 3426 ligionis
364 3341 572 3423 adimpletur,
604 3357 675 3407 cum
705 3358 763 3422 per
793 3343 963 3407 canonicae
993 3341 1178 3424 discipliuae
1209 3343 1335 3424 regulas
1365 3343 1451 3426 quod

211 3445 373 3528 quondum
404 3444 584 3511 ordinatum
611 3444 718 3511 iuerat
739 3465 796 3528 per
818 3465 876 3513 nos
908 3446 1068 3512 emendari
1100 3449 1335 3530 comprobatur.
1369 3445 1451 3513 Nam

210 3557 338 3618 uestras
361 3551 484 3618 litteras
501 3551 709 3634 suscipientes
726 3551 921 3634 inuestigare
936 3569 1000 3618 non
1016 3549 1213 3631 distulimus;
1236 3557 1269 3618 et
1291 3551 1364 3632 quia
1387 3549 1451 3617 illic

211 3653 350 3720 maxima
372 3660 442 3720 erat
464 3655 618 3738 impressa
639 3657 807 3722 murmuris
829 3657 931 3738 ratio,
955 3633 1160 3738 suspendere
1176 3656 1236 3721 hoc
1259 3655 1450 3738 curauimuS,

210 3765 249 3826 ut
271 3765 308 3826 tu
329 3777 400 3828 cum
424 3759 577 3843 Gregorio
601 3767 657 3826 aut
677 3779 757 3826 unus
780 3766 889 3827 uester
904 3759 1123 3845 suffraganeus
1138 3761 1305 3844 episcopus
1320 3761 1451 3827 ueniens

211 3871 327 3932 cuncta
356 3883 415 3947 per
444 3864 587 3931 ordinem
622 3863 713 3932 nobis
741 3866 901 3950 reuelent,
932 3873 1088 3948 quatenus
1120 3885 1177 3948 per
1205 3866 1289 3931 uiam
1311 3865 1452 3932 institiae

209 3971 395 4037 incedentes
410 3969 558 4053 quicquid
574 3975 694 4037 rectum
710 3975 769 4049 est,
794 3971 950 4037 internos
967 3969 1103 4038 diffinire
1120 3969 1291 4037 ualeamus.
1308 3971 1357 4037 De
1380 3989 1450 4036 cae·

212 4077 294 4142 teris
324 4081 432 4141 autem
462 4075 610 4157 capitulis
639 4076 731 4141 uobis
762 4077 1005 4156 innotescimuS,
1035 4081 1209 4159 quatenus,
1240 4076 1300 4140 hnc
1329 4075 1450 4143 ratione

211 4184 354 4262 excepta,
379 4179 528 4262 quicquid
550 4180 746 4262 synodaliter
775 4181 876 4246 nostri
906 4180 1003 4264 legati
1029 4181 1171 4263 episcopi
1201 4181 1364 4246 uobiscum
1387 4199 1451 4246 una

213 4291 405 4366 statuerunt,
428 4302 448 4349 a
469 4285 561 4351 nobis
585 4283 770 4351 confirmata
792 4285 950 4364 eristnnt3
973 4285 1031 4351 sed
1054 4285 1128 4367 quia
1150 4285 1342 4351 minimeres
1358 4303 1447 4366 prae·

214 4389 327 4468 libata,
341 4388 616 4468 ,tumultuantibus
647 4390 757 4468 nobie,
789 4389 872 4455 finiri
894 4391 1012 4469 ualuit,
1035 4390 1111 4455 nihil
1138 4389 1266 4471 dignuin
1289 4387 1451 4472 religionis

210 4492 429 4562 ecclesiastica
451 4493 600 4576 dogmata
623 4513 749 4562 sumere
772 4494 886 4576 potuit.

300 4599 378 4662 Acta
392 4601 506 4662 concilii
522 4619 588 4661 cnm
603 4601 735 4679 epistolis
752 4620 849 4678 papae
864 4601 985 4663 loannis
1000 4601 1037 4661 X.
1053 4601 1160 4661 adsunt
1172 4600 1200 4660 in
1212 4599 1345 4661 Thomas
1356 4600 1451 4660 archi·

254 4687 371 4749 diaconi
387 4689 569 4749 salonitanae
593 4689 732 4750 historiae
755 4689 927 4767 exemplari,
950 4689 1029 4764 quod
1043 4689 1074 4747 in
1089 4687 1251 4748 Barbarina
1274 4686 1452 4747 bibliotheca

255 4775 369 4836 Romae
384 4793 429 4836 nr.
446 4778 529 4836 3481
548 4773 591 4856 (p.
612 4776 795 4856 tna-134)
811 4780 990 4837 asservatur.
1017 4777 1063 4835 Da
1077 4775 1133 4835 hoo
1156 4775 1318 4852 exemplari
1334 4773 1453 4834 uberius

1304 4879 1343 4941 13
