3572 5276
1370 423 1433 486 409

194 627 231 712 ρά
245 633 305 688 τῶν
320 621 479 712 Ῥωμάνοιν
495 625 656 713 ἐκρατεῖτο,
674 625 721 700 οὖς
740 627 800 689 ἀπὸ
831 632 902 692 erat
924 646 943 693 a
965 627 1123 706 Romanis,
1149 644 1229 708 quos
1248 624 1323 692 illuc
1337 625 1438 691 Roma

196 726 312 816 Ῥώμης
343 729 502 814 μετῴκισεν
531 733 547 792 ὸ
576 729 709 812 βασιλεὺς
734 729 801 793 Διο-
831 730 1040 797 transtulerat
1058 729 1278 798 Diocletianus
1301 731 1435 810 impera·

191 832 366 918 κλητιανώς,
397 831 501 906 καθώς
529 834 579 895 καὶ
601 839 638 908 εἰς
660 834 715 904 τήν
737 836 801 920 περὶ
832 841 900 914 tor;
931 833 1195 916 quemadmodum
1225 841 1257 900 et
1285 835 1317 898 in
1340 832 1436 898 Chro-

191 945 253 999 τῶν
269 934 441 1024 Χρωβάτων
461 938 586 1024 ἱστορίαν
608 941 727 1025 εἴρηται.
744 937 801 1000 ὑπὸ
832 939 979 1004 batorum
1003 939 1138 1004 historia
1159 939 1277 1004 dictum
1301 945 1368 1016 est3
1404 945 1437 1002 et

192 1033 225 1104 δὲ
256 1041 308 1104 τὸν
338 1041 461 1124 βασιλέα
490 1039 642 1128 Ῥωμαίων
673 1046 795 1130 ὑπῆρχε.
828 1043 1039 1108 Romanorum
1064 1043 1248 1124 imperatori
1267 1047 1337 1107 erat
1360 1041 1433 1106 sub-

193 1145 273 1232 παρά
303 1135 336 1208 δὲ
365 1154 426 1210 τῶν
447 1144 578 1233 Ἀβάρων
605 1147 655 1210 καὶ
677 1145 797 1218 atrati
827 1147 917 1213 iecta.
945 1145 1008 1212 Sed
1033 1147 1072 1210 ab
1091 1146 1245 1212 Avaribus
1260 1145 1340 1210 haee
1356 1163 1434 1225 quo·

191 1249 276 1336 χώρα
319 1251 594 1336 αἰχμαλωτισθεῖσα
633 1251 797 1337 ἠρήμωται,
829 1269 891 1332 que
921 1252 1008 1334 regio
1039 1252 1207 1332 subiugata
1236 1269 1274 1316 ac
1307 1255 1435 1315 vastata

97 1368 105 1383 ·
191 1354 241 1415 καὶ
264 1351 352 1415 πάλιν
375 1353 422 1416 ἐπὶ
444 1350 614 1440 Ἡρακλείου
640 1364 695 1417 τοῦ
718 1357 799 1435 βασι·
829 1355 906 1434 iuit;
930 1363 964 1420 et
986 1353 1045 1420 sub
1069 1355 1207 1422 Heraclii
1230 1351 1433 1434 imperatoris

191 1455 266 1530 λείος
288 1457 442 1538 ἐνῳκίσώιι,
471 1456 575 1530 καθὼς
597 1460 646 1520 καὶ
668 1461 687 1527 ri
711 1455 797 1545 Χρω·
827 1459 1023 1540 temporibus
1054 1458 1191 1524 habitari
1221 1459 1337 1524 iterum
1362 1475 1432 1523 coe·

192 1562 282 1643 βατία
304 1562 353 1624 καὶ
376 1565 396 1631 ἠ
418 1558 543 1648 Σερβλία
565 1564 614 1624 καὶ
627 1565 648 1632 κ’
663 1570 724 1624 τῶν
739 1559 795 1624 ΖιιΙ
831 1563 894 1644 pit,
941 1563 1205 1644 quemadmodum
1250 1561 1433 1639 cumbatis,

191 1665 332 1752 χλοώμων
361 1667 411 1727 καὶ
439 1669 459 1735 ν’,
482 1662 639 1752 Τερβουνία
668 1668 718 1728 καὶ
746 1675 801 1728 τοῦ
831 1666 963 1745 Serbiie‚
988 1666 1229 1732 Zachlumerum
1244 1672 1341 1746 terra,
1358 1665 1433 1729 Ter·

192 1766 329 1839 Καναλή.
372 1768 505 1840 Διόκληα
550 1761 583 1833 δὲ
624 1769 800 1856 ὀνομάζεται
830 1771 927 1836 bunia
951 1777 985 1837 et
1007 1769 1135 1837 Canale.
1167 1769 1300 1836 Dioclea
1328 1774 1433 1835 autem

61 1897 66 1910 ·
192 1874 253 1936 ἀπὸ
284 1883 339 1936 τοῦ
368 1873 398 1936 ἰν
427 1881 468 1957 τῇ
489 1874 613 1958 τοιαώτρ
636 1875 720 1961 χώρα
743 1873 798 1936 κά·
828 1882 1010 1957 nuncupata
1032 1881 1084 1941 est
1100 1875 1157 1940 illa
1178 1874 1267 1956 regio
1292 1874 1332 1940 ab
1355 1874 1434 1940 urbe

191 1999 289 2063 στρου,
313 1975 384 2063 ὅπερ
407 1981 519 2040 ἔκτισεν
541 1981 557 2039 ὁ
580 1978 713 2059 βασιλεὺς
733 1976 800 2041 Διο-
830 1979 873 2044 ibi
904 1979 1031 2044 condite
1060 1999 1080 2044 a
1109 1978 1308 2044 Diocletiano
1336 1979 1433 2060 impe-

191 2081 356 2155 κλκτιανόσ·
369 2082 426 2144 νυνὶ
438 2070 471 2144 δὲ
482 2081 560 2144 ἐστιν
571 2081 797 2169 ἐρημόκαστρον,
830 2090 945 2156 ratore,
977 2101 1060 2166 quae
1090 2100 1173 2147 nunc
1203 2079 1435 2148 habitatoribus

190 2183 276 2272 pepp
290 2193 345 2248 τοῦ
360 2193 407 2248 νῦν
422 2184 635 2272 ὀνομαζόμενον
657 2184 798 2255 Διόκληα.
830 2205 929 2256 vacua
951 2189 982 2251 in
1006 2186 1192 2254 hodiernum
1227 2203 1327 2268 usque
1351 2183 1434 2249 diem

190 2285 267 2351 Ότι
290 2289 320 2352 ἐν
342 2297 383 2371 τῇ
404 2287 489 2375 χώρᾳ
511 2287 662 2362 Διοκλείας
680 2291 731 2352 εἰσὶ
746 2311 798 2376 με-
827 2290 959 2357 Dioclea
993 2291 1181 2372 appellatur.
1222 2287 1365 2371 Suntque
1401 2287 1434 2351 in

190 2391 273 2480 γάλα
295 2391 410 2480 κάστρα
439 2390 602 2479 οἰκούμενα,
628 2393 666 2456 τώ
689 2389 713 2454 Γ
714 2381 797 2478 petie·
829 2414 868 2459 ea
897 2394 1028 2476 regione
1059 2395 1155 2458 urbes
1178 2392 1342 2458 habitatae
1365 2411 1431 2456 ina-

190 2495 285 2570 ww,
315 2495 352 2559 τό
382 2485 579 2583 Νουγράδεθθ,
614 2497 651 2558 τὸ
681 2494 798 2560 Λοντο-
829 2517 928 2581 gnae:
959 2495 1162 2576 Gradeteew,
1192 2495 1436 2580 Nov(i)gratle⁸⁰

192 2589 329 2665 δώκλαῦῑ.
827 2607 860 2668 et
882 2601 1121 2669 Lontodocla⁸¹.

280 2741 356 2802 Inte.
374 2760 398 2802 c.
417 2745 467 2822 35,
486 2759 515 2819 p.
536 2745 595 2804 les
612 2743 658 2804 ed.
675 2743 768 2806 Bonn.

235 2911 802 3003 ΠερὶτῶνΠαγανῶνκαὶἈρεν·
876 2917 925 2982 De
955 2917 1136 2998 Pegasis
1165 2915 1219 2997 qui
1250 2920 1284 2982 et
1313 2913 1436 2979 Aren·

190 3026 312 3079 τανῶν
327 3017 525 3104 καλουμένων,
535 3021 585 3081 καὶ
592 3013 626 3092 ἧς
638 3028 685 3082 νῦν
697 3025 803 3082 οἰκοῦσι
833 3021 920 3086 tani
943 3020 1152 3103 appellantur,
1170 3026 1202 3086 et
1221 3021 1261 3084 de
1276 3037 1324 3097 ea
1342 3036 1435 3098 quam

190 3120 296 3208 χώρας.
314 3120 514 3208 Ὀτιήχώρα
525 3127 563 3196 εἰς
574 3123 609 3193 ἥν
620 3132 668 3186 νῦν
679 3129 801 3187 οἰκοῦσιν
832 3143 915 3190 nunc
952 3125 1119 3202 habitant,
1157 3123 1296 3205 regione.
1335 3121 1436 3202 Regio

191 3227 218 3288 ot
233 3222 370 3311 Παγανοὶ
389 3227 438 3288 καὶ
461 3225 538 3296 αὕτη
561 3226 700 3314 πρότερον
723 3227 803 3314 παρὰ
834 3230 929 3295 etiam
952 3228 1017 3308 illa,
1041 3246 1135 3310 quam
1158 3246 1241 3293 nunc
1255 3225 1376 3307 Pagani
1392 3226 1437 3290 in-

190 3337 252 3391 τῶν
279 3325 432 3415 Ῥωμαίων
462 3330 632 3417 ἐκρατεῖτο,
663 3329 711 3404 ot<
741 3332 802 3394 ἀπὸ
832 3333 949 3408 colunt,
973 3331 1119 3414 primitus
1143 3331 1327 3398 aRomanis
1350 3335 1437 3396 tene-

191 3430 312 3519 Ῥώμης
332 3435 348 3494 ὁ
371 3433 504 3516 βασιλεὺς
519 3433 728 3509 Διοκλητιανὸς
751 3458 803 3523 με·
834 3437 938 3516 betur,
962 3435 1077 3519 quibus
1101 3437 1203 3503 Roma
1222 3435 1366 3501 deductis
1381 3434 1436 3498 im·

192 3539 321 3610 τοικίσας
340 3535 541 3623 ἑνΔελματίορ
564 3538 704 3620 ἐνῴκισεν.
729 3543 756 3603 οἱ
770 3530 803 3603 δὲ
833 3546 962 3622 perator
980 3540 1201 3606 Diocletianus
1224 3541 1255 3603 in
1278 3537 1438 3604 Dalmatia

194 3641 278 3703 αὐτοὶ
297 3638 434 3727 Παγανοὶ
449 3641 510 3704 ἀπὸ
525 3649 586 3704 τῶν
608 3641 802 3725 ἀβάττίστων
831 3644 926 3710 sedes
950 3643 1136 3726 assignavit.
1160 3643 1203 3710 Et
1223 3642 1347 3709 oiiundi
1364 3648 1439 3707 sunt

189 3741 328 3831 Σέρβλων
350 3741 546 3833 κατάγονται,
569 3745 602 3828 ἐξ
621 3746 728 3810 ἐκείνου
744 3757 799 3810 τοῦ
828 3754 862 3814 et
883 3749 945 3830 ipsi
968 3747 1126 3830 Pegasis
1144 3744 1436 3827 Serblisnonbap·

192 3846 339 3935 ἄρχοντος
349 3857 404 3910 τοῦ
419 3848 490 3934 πρὸς
499 3847 552 3911 τὸν
564 3847 686 3932 βασιλέα
698 3847 807 3936 Ἠράκ-
836 3852 960 3931 tizatiS,
995 3852 1035 3917 ab
1066 3870 1103 3918 eo
1133 3851 1253 3918 scilicet
1287 3849 1437 3934 principe,

189 3955 266 4016 λειον
301 3951 530 4039 προσφυγόντος.
565 3953 646 4040 παρὰ
680 3945 713 4017 δὲ
742 3963 803 4017 τῶν
834 3955 887 4038 qui
921 3955 961 4021 ad
996 3954 1178 4022 Heraclium
1214 3955 1437 4035 imperatorem

189 4053 322 4143 Ἀβάρων
344 4057 394 4119 καὶ
409 4054 487 4127 αὕτη
502 4059 521 4127 ἡ
536 4056 620 4144 χώρα
644 4062 799 4145 αἰχμαλω-
829 4057 981 4141 confugit.
1015 4058 1118 4141 Capta
1151 4078 1226 4124 vero
1257 4058 1366 4124 itidem
1397 4056 1437 4123 ab

197 4162 334 4223 τισθεῖσα
365 4160 537 4248 ἠρήμωται,
568 4164 618 4224 καὶ
647 4161 736 4225 πάλιν
761 4163 809 4226 ἐπὶ
838 4161 994 4229 Avelibus
1024 4170 1058 4229 et
1080 4169 1205 4229 vastate
1232 4162 1311 4228 haec
1340 4161 1437 4244 regie,

188 4245 367 4350 Ἡρακλείου
397 4273 452 4328 τοῦ
475 4264 616 4348 βασιλέως
644 4267 800 4348 ἐνοικίσθη.
832 4268 892 4333 sub
915 4267 1064 4333 Heraclio
1087 4267 1282 4349 imperatore
1311 4283 1436 4331 rursum

192 4365 329 4454 Παγανοὶ
359 4357 392 4431 δὲ
424 4372 585 4432 καλοῦνται
614 4360 662 4432 διὰ
691 4371 728 4432 τὸ
758 4370 800 4457 μὴ
830 4369 942 4437 incolis
964 4368 1160 4451 frequentem
1176 4368 1290 4451 coepit.
1314 4368 1435 4450 Pagani

193 4461 422 4554 καταδέξασθαι
436 4473 542 4546 αὐτοὺς
560 4483 606 4555 τῷ
623 4473 696 4538 τότε
710 4482 800 4561 καιρῷ
830 4479 938 4540 eutem
954 4475 1111 4554 dicuntur,
1135 4473 1219 4556 quod
1243 4473 1433 4554 baptismum

190 4577 391 4658 βαπτισθῆναι
405 4575 457 4640 ὅτε
472 4579 521 4640 καὶ
535 4576 644 4651 πάντες
662 4579 688 4641 οὶ
701 4575 790 4665 Σέρβ-
821 4597 884 4644 non
907 4579 1105 4660 accepissent
1126 4596 1165 4644 eo
1184 4583 1338 4659 tempore,
1372 4583 1453 4657 quo'

189 4683 235 4772 λμι
274 4679 510 4762 ἐβαπτίσθησαν·
551 4684 601 4745 καὶ
633 4682 690 4771 γὰρ
727 4681 795 4746 Πα-
825 4681 930 4750 Serbli
945 4701 1055 4750 omnes
1071 4681 1223 4766 baptizati
1240 4687 1348 4761 erant;
1365 4689 1432 4750 ete·
