3572 5276
355 387 418 450 380

354 587 565 672 proficiscitur
587 609 720 674 sperans
750 589 794 657 ibi
817 589 1062 657 Znentibaldum
1085 590 1198 656 ducem
1221 590 1346 657 obviarn
1367 589 1503 676 babere;
1537 589 1595 656 sed

356 693 410 762 illo
432 711 520 761 more
543 695 636 762 solito
660 697 700 762 ad
723 712 831 778 regem
855 695 962 762 venire
984 694 1099 778 renuit,
1124 692 1219 760 fidem
1243 698 1277 760 et
1298 694 1404 761 omnio
1426 699 1500 759 ante
1522 711 1596 775 pro-

354 798 452 863 missa
482 800 634 866 mentitus
666 805 725 866 est
759 799 838 864 Inde
869 818 924 864 rex
955 799 1036 865 irato
1059 797 1164 864 animo
1186 798 1218 863 in
1241 795 1503 879 Hengistfeldon⁵
1525 815 1595 862 cum

353 901 549 969 brazlavone
575 903 655 970 duce
677 903 868 986 colloquium
891 902 1012 983 habuit,
1035 903 1080 969 ibi
1103 903 1186 968 inter
1209 901 1272 967 alia
1293 919 1452 984 quaerens
1472 909 1598 984 tempus

354 1012 388 1073 et
408 1006 529 1086 locum,
561 1008 720 1090 quomodo
753 1007 852 1089 possit
877 1011 994 1073 terram
1019 1005 1221 1072 Maravorum
1250 1005 1388 1087 intrare3
1419 1006 1596 1073 consultum

355 1111 521 1192 estenim,
545 1116 581 1176 ut
603 1111 705 1179 tribus
728 1110 919 1178 exercitibus
942 1111 1074 1177 annatis
1089 1128 1222 1192 regnum
1236 1109 1317 1176 illud
1332 1108 1506 1176 invaderet
1529 1109 1598 1176 Rex

355 1213 518 1295 equidem,
551 1215 723 1298 assumptis
747 1233 854 1282 secum
877 1214 1026 1295 Francis,
1057 1213 1232 1299 Baioariis,
1256 1213 1456 1294 Alamannis,
1486 1231 1595 1281 mensa

356 1311 629 1404 Julio‘Maravam
651 1320 747 1386 venit.
769 1318 820 1386 Ibi
840 1337 899 1401 per
920 1323 1057 1400 quatuor
1080 1318 1272 1386 ebdomadas
1295 1335 1366 1384 cum
1385 1323 1475 1385 tanta
1488 1317 1593 1383 multi-

357 1421 476 1501 tudine,
500 1421 641 1504 Ungaris
664 1422 761 1488 etiam
791 1423 909 1488 ibidem
939 1421 980 1488 ad
1010 1441 1045 1489 so
1065 1439 1135 1487 curn
1159 1423 1361 1504 expeditione
1383 1421 1594 1501 venientibua,

358 1543 483 1591 omnem
516 1524 603 1592 illam
625 1528 787 1610 regionem
816 1525 962 1594 incendio
991 1525 1218 1593 devastandam
1249 1527 1451 1611 versabatur3
1482 1526 1596 1592 mIssos

356 1628 451 1696 etiam
475 1647 549 1714 suos
573 1630 647 1696 inde
670 1631 711 1697 ad
733 1630 901 1714 Bulgarios
925 1635 958 1696 et
980 1649 1088 1714 regem
1103 1647 1212 1708 eorum
1227 1629 1427 1696 Laodomur⁰
1449 1629 1490 1696 ad
1505 1647 1598 1697 rano·

355 1734 492 1800 vendam
515 1734 681 1815 pristinam
703 1735 831 1817 pacem⁷
862 1753 932 1802 cum
955 1735 1138 1802 muneribus
1160 1752 1270 1800 mense
1293 1733 1472 1816 Septembri
1495 1737 1597 1799 trans-

355 1837 451 1922 misit,
476 1843 517 1918 et,
542 1857 582 1906 ne
605 1839 760 1922 coemptio
782 1839 860 1906 salis
883 1839 956 1906 inde
975 1839 1156 1904 Manavanis
1172 1838 1310 1922 daretur,
1334 1837 1486 1920 exposcit.
1509 1836 1599 1904 Missi

357 1947 465 2008 autem
487 1947 620 2025 propter
641 1943 773 2010 insidias
796 1942 997 2009 Zuentibaldi
1020 1942 1109 2009 ducis
1127 1946 1280 2008 terrestre
1301 1941 1365 2008 iter
1378 1960 1443 2008 non
1457 1941 1599 2008 valentes

356 2045 487 2126 habere,
511 2047 551 2111 de
574 2064 673 2128 regno
697 2045 904 2114 Brazlavonis
926 2065 984 2130 per
1007 2042 1135 2112 fluvium
1166 2044 1312 2130 Odogra⁸
1334 2064 1435 2128 usquo
1457 2045 1498 2112 ad
1520 2043 1598 2111 (lul-

232 2185 235 2192 ·
358 2148 461 2233 pam,⁹
482 2149 556 2217 dein
579 2169 636 2232 per
659 2149 779 2218 fluente
801 2149 884 2217 Save
908 2146 1046 2217 fluminis
1067 2150 1192 2234 navigio
1215 2151 1248 2215 in
1269 2147 1421 2233 Balgatia
1441 2149 1599 2232 perducti.

357 2253 406 2320 Ibi
426 2273 444 2319 a
468 2253 731 2337 rege-honorifice
746 2253 880 2336 excepti,
904 2253 1016 2321 eadem
1039 2255 1100 2339 via,
1124 2271 1188 2335 qua
1209 2257 1371 2332 venerant,
1395 2270 1467 2319 cum
1489 2269 1599 2320 mune·

355 2357 444 2424 ribus
466 2375 576 2424 manso
598 2357 684 2424 Maio
706 2359 826 2426 reversi
848 2363 932 2430 sunt.

442 2480 782 2566 Amalnmdibid1,
799 2485 872 2544 noa.

445 2567 541 2641 Quum
557 2567 672 2628 Arnmfi
687 2570 793 2647 legati,
818 2573 851 2628 ut
865 2567 1040 2645 Svatoplnki
1055 2568 1177 2628 insidias
1192 2569 1356 2644 evitarent,
1379 2567 1410 2627 in
1424 2565 1599 2643 Balgariam

401 2657 504 2714 euntes
527 2672 585 2713 non
608 2671 662 2730 per
685 2655 930 2716 transdravanam
945 2655 1128 2716 Pannoniam
1146 2654 1198 2715 sed
1214 2671 1269 2731 per
1282 2654 1474 2714 Braslavonis
1488 2657 1599 2712 terram

400 2742 477 2801 inter
500 2740 607 2801 Savum
632 2745 662 2801 at
684 2741 835 2819 Dravnm‚
864 2739 986 2817 Odogra
1008 2741 1144 2817 qnidam,
1173 2740 1276 2817 Golapi
1292 2744 1322 2799 at
1336 2741 1405 2801 Sari
1420 2739 1599 2815 fluminibus,

400 2825 671 2904 proficiscerentur:
687 2827 817 2888 innuitur
833 2832 880 2888 sat
894 2830 983 2902 clare,
1004 2827 1186 2888 Pannoniam
1201 2829 1283 2887 tram
1297 2827 1431 2886 Dravnm
1447 2830 1546 2886 cotum
1561 2825 1601 2884 ad

402 2913 567 2975 Moraviam
582 2917 743 2989 spectasse.
772 2915 844 2974 Post
859 2915 973 2974 comitis
988 2913 1155 2973 Gbezilonis
1171 2914 1280 2973 obitum
1296 2911 1336 2991 (a.
1357 2909 1466 2990 adala)
1483 2911 1602 2971 Panno·

402 3000 469 3058 niae
486 3017 557 3076 pars
572 2999 762 3060 occidentalis
771 3049 780 3082 ,
805 2999 994 3060 Obariotbiae
1011 3000 1165 3077 contigua,
1190 2999 1344 3059 comitatus
1359 2998 1494 3057 nimirum
1519 2995 1602 3058 Dud-

403 3086 482 3162 laipa
498 3085 671 3165 (Dudleba),
695 3103 714 3144 a
728 3086 848 3148 residua
864 3087 1017 3162 provincia
1032 3088 1137 3145 avulsa
1152 3086 1271 3161 proprio
1287 3085 1393 3160 comiti,
1409 3082 1440 3146 in
1456 3084 1539 3144 caius
1554 3101 1602 3143 ro·

403 3173 491 3248 giona
514 3172 689 3232 Poatovinm
713 3170 787 3252 („ad
802 3170 970 3253 Bottowo“)
994 3177 1074 3247 erat,
1102 3173 1210 3231 tradita
1232 3175 1287 3231 ast.
1314 3171 1409 3230 Maior
1432 3169 1601 3230 (lboailonia

403 3259 574 3319 Pannoniae
590 3276 660 3334 pars
677 3275 736 3320 una
751 3277 816 3320 cnm
833 3257 984 3319 Oarinthia
999 3259 1021 3316 ai
1039 3277 1096 3317 non
1111 3277 1189 3334 mox,
1206 3261 1286 3317 certo
1299 3261 1368 3332 post
1378 3257 1488 3316 obitum
1501 3256 1597 3315 Ludo·

404 3345 462 3404 vici
476 3345 665 3420 imperatoris
680 3345 766 3423 (876,
785 3347 824 3405 23
841 3343 983 3424 angusti),
999 3343 1059 3404 filio
1075 3344 1138 3405 eius
1154 3343 1349 3404 carlomanno
1369 3339 1517 3419 obtiglt¹⁰
1541 3342 1599 3401 Va-

402 3447 467 3490 rum
491 3430 566 3491 baec
588 3432 760 3492 Pannoniae
783 3429 928 3490 inferioris
951 3447 1021 3507 pars
1037 3448 1064 3489 a.
1083 3431 1145 3490 884
1161 3430 1190 3489 in
1206 3433 1382 3505 potestatam
1397 3427 1479 3488 ducis
1494 3428 1602 3487 Svato-

404 3515 485 3590 ploki
510 3517 630 3577 devenit
652 3518 710 3595 ita,
738 3521 770 3577 ut
795 3516 881 3575 modo
897 3518 1016 3576 Dravus
1031 3520 1143 3575 tanturn
1158 3519 1253 3574 terras
1268 3515 1399 3574 eiusdem
1415 3532 1434 3572 a
1448 3513 1603 3590 provincia

405 3603 597 3662 Braslavonis
613 3603 768 3664 divideret.
793 3605 961 3663 Dllrnmler:
978 3603 1077 3662 Uebar
1094 3601 1143 3661 dis
1158 3601 1279 3661 stldbstl.
1296 3600 1420 3662 Marion
1435 3599 1489 3659 dea
1503 3598 1602 3659 franlr.

403 3687 537 3750 Reicbea.
554 3707 583 3764 p.
603 3691 719 3762 41-2,
737 3691 852 3748 47-9.

445 3844 593 3919 Balgaroa
614 3849 647 3904 ut
670 3844 801 3905 confines
824 3845 947 3906 Francis
970 3844 1009 3905 ad
1033 3845 1200 3905 Danubium
1230 3847 1314 3903 notat
1337 3859 1433 3918 aequa
1460 3842 1604 3916 temporis

404 3929 490 3989 huius
505 3930 640 4006 scriptor,
658 3931 851 4008 geographus
866 3932 1001 3991 Bavarns
1017 3926 1227 4012 (acb-890),
1244 3947 1261 3989 a
1277 3947 1336 4005 quo
1352 3929 1444 3988 bocca
1454 3927 1603 4004 fragmen·

400 4020 460 4076 tum
477 4015 626 4077 adducere
642 4018 729 4078 libet:

399 4131 579 4217 Descriptio
604 4135 767 4201 civitatum
791 4142 825 4202 et
845 4134 1010 4219 regionum
1026 4133 1067 4199 ad
1093 4124 1374 4216 septentrionalem
1397 4129 1522 4214 plagam
1539 4129 1606 4198 Da·

356 4239 441 4305 nubii
459 4290 466 4303 .
486 4289 517 4303 ..
549 4238 737 4306 Beheimare
768 4239 801 4304 in
831 4255 894 4320 qua
927 4242 1001 4304 sunt
1023 4237 1170 4303 civitates
1191 4260 1245 4302 xv.
1270 4235 1457 4301 Marharii¹¹
1486 4233 1609 4303 habent

281 4374 285 4384 ,
358 4341 503 4408 civitates
526 4365 570 4407 ιιι.
594 4341 740 4427 Uulgarii
763 4343 850 4424 regio
874 4348 927 4409 est
948 4342 1104 4406 immensa
1126 4347 1160 4406 et
1182 4341 1319 4423 populus
1343 4339 1462 4404 multus
1484 4339 1607 4408 habens

357 4448 502 4513 civitates
524 4469 544 4510 v
567 4465 605 4513 eo
628 4447 713 4527 quod
735 4445 904 4512 multitudo
925 4464 1044 4529 magna
1066 4463 1104 4511 ex
1127 4445 1173 4510 eia
1197 4446 1239 4510 sit
1262 4442 1395 4528 (ragal)
1419 4447 1454 4510 et
1475 4459 1539 4510 non
1560 4442 1604 4509 sit

360 4551 407 4619 eis
430 4568 509 4634 opus
532 4550 678 4617 civitates
701 4549 831 4617 babere.
862 4549 921 4616 Est
950 4550 1087 4633 populus
1117 4567 1210 4632 quem
1234 4553 1349 4616 vocant
1370 4547 1608 4629 Merebanos‚1⁰

358 4655 420 4742 ipsi
442 4655 563 4725 babent
584 4653 728 4724 cidmtes
749 4677 827 4724 xxx.
850 4653 910 4724 Isti
932 4659 1006 4724 sunt
1021 4655 1075 4740 qui
1093 4654 1182 4724 iuxta
1195 4654 1330 4724 istorum
1344 4651 1425 4726 dnos
1441 4651 1602 4724 residant:
