3602 5304
1421 390 1481 468 all

284 600 338 672 eet,
356 601 390 658 ot
405 595 442 657 de
457 597 578 674 Europa
593 597 759 661 deserenda
774 604 803 662 et
825 599 898 660 Asia
920 605 1010 678 atque
1026 599 1211 662 Chalcedone
1227 595 1384 662 incolenda
1398 595 1479 658 cirea

285 683 361 744 serio
386 679 582 762 cogitarent“.
611 683 738 746 Suborta
763 685 875 746 interim
901 687 992 764 pestis
1015 687 1197 767 chagauum,
1225 692 1256 747 nt
1279 684 1409 744 oblatam
1424 681 1482 743 sibi

282 787 387 845 pacem
402 775 546 845 acceptet,
564 771 717 846 permovit.
742 773 805 846 ,Ex
823 777 908 846 pacto
926 775 1003 833 later
1022 774 1060 834 ad
1076 774 1272 834 Romanorum
1291 770 1482 844 Abarumquo

284 854 356 917 lines
381 854 560 915 dirimendos
583 858 769 918 constituitur
784 867 812 920 et
829 865 960 934 potestas
977 859 1108 919 eiusdem
1124 865 1227 920 contra
1242 860 1405 920 Sclavcoos
1421 861 1482 914 tra·

284 941 397 1001 iieiendi
422 937 631 1020 conceditur“;
660 945 798 1004 tributum
823 951 958 1019 augetur.
987 946 1156 1022 Theophyl.
1181 945 1281 1006 histor.
1308 944 1357 1001 lib.
1382 941 1439 1000 Vll
1456 959 1480 1000 e.

287 1029 422 1090 13-15.
440 1027 505 1088 Hac
521 1030 620 1104 itaque
636 1048 711 1106 pace
727 1031 832 1091 dextra
848 1031 915 1090 Istri
931 1033 996 1109 ripa
1013 1051 1032 1091 a
1047 1037 1197 1093 cataracta
1212 1049 1306 1107 rusque
1322 1029 1359 1088 ad
1376 1028 1481 1088 ostium

283 1114 312 1172 in
335 1114 534 1174 Romanorum
558 1120 704 1191 potestate
728 1118 843 1177 mansit.
872 1119 981 1178 Verum
1005 1135 1063 1194 pan
1087 1118 1161 1178 lraec
1183 1117 1320 1178 diuturna
1343 1111 1479 1174 nonfuit.

283 1200 358 1259 Nam
382 1201 558 1280 Mauricius,
586 1203 691 1262 civium
717 1204 861 1263 seditione
885 1209 1052 1284 permotus,
1081 1203 1292 1264 Oomcntiolum
1316 1217 1392 1262 annno
1417 1201 1477 1258 601

284 1291 386 1346 contra
400 1286 518 1346 Avares
541 1305 606 1347 cum
630 1291 759 1349 exercito
783 1291 886 1365 deligit
921 1291 951 1349 Is
968 1307 1053 1367 „cum
1070 1291 1170 1351 Prisco
1189 1289 1347 1365 Singidone
1363 1304 1396 1346 sc
1412 1302 1479 1344 con-

283 1367 408 1452 iungit‘,
434 1391 469 1432 ac
484 1374 553 1433 iude
569 1391 634 1434 cum
651 1377 743 1452 copiis
762 1376 973 1457 ,Viminacium
991 1378 1080 1452 (nanno
1094 1377 1236 1436 Koetolac
1251 1377 1280 1436 in
1296 1370 1412 1449 Serbia)
1429 1371 1477 1430 de-

281 1457 428 1539 teruntur;
455 1460 561 1519 Istrum
578 1461 606 1519 ri
622 1466 775 1522 transeunt
790 1467 820 1522 et
836 1463 945 1522 bellum
962 1464 989 1522 iu
1005 1462 1171 1522 Avarorum
1190 1464 1343 1538 regionem
1359 1459 1405 1540 (in
1424 1455 1478 1544 ho·

280 1544 415 1604 diernum
438 1545 596 1622 Banatum)
620 1547 810 1611 mansicrunt.
838 1549 1004 1609 Arctorum
1027 1549 1187 1609 exercitum
1208 1550 1311 1608 maiori
1328 1566 1345 1608 c
1361 1549 1479 1624 partee

283 1629 479 1691 Slaveuorum
495 1633 588 1709 copiis
604 1635 779 1712 constitisse,
796 1636 978 1710 captiuorum
996 1653 1133 1694 numerus
1152 1635 1341 1696 demonstrat.
1370 1631 1476 1692 Mauri·

282 1718 344 1777 cius
370 1718 521 1797 chagano,
546 1719 584 1778 ad
608 1721 737 1780 eiusdem
754 1723 942 1800 petitionem,
966 1723 1099 1796 captivos
1115 1722 1251 1782 restituit.
1281 1718 1479 1780 (lomerrtiolua

280 1803 383 1863 Novas
398 1805 566 1880 superiores
582 1808 698 1882 repetit,
716 1826 751 1866 ao
766 1807 834 1867 inde
854 1809 921 1888 „via
933 1805 1086 1882 Trajana“
1103 1807 1277 1882 Byzantium
1294 1806 1422 1866 festinat.
1439 1803 1474 1863 V.

281 1889 434 1950 Roeesler:
455 1892 613 1967 Zeitpnnlut
627 1892 681 1952 der
696 1894 770 1952 slav.
787 1893 980 1968 Ansicdlung.
998 1893 1026 1954 S.
1045 1895 1181 1952 32-38.

832 2155 882 2213 55.

235 2236 256 2298 l.
271 2237 318 2306 lli.
333 2255 402 2300 uana
416 2237 499 2298 nertio

277 2354 366 2436 Papa
396 2355 570 2440 Gregorius
603 2355 618 2420 I
651 2357 785 2446 „loanni
825 2357 973 2438 episcopo
1002 2357 1121 2437 primae
1150 2355 1366 2420 lastinianum
1402 2371 1474 2435 per-

234 2458 358 2533 scribit,
392 2465 427 2524 ut
450 2460 489 2526 de
513 2459 612 2527 Paulo
640 2460 876 2536 „Diocleatiuac
900 2461 1051 2526 civitatis¹
1076 2461 1256 2541 episcopo“‚
1292 2458 1344 2539 qui
1371 2459 1473 2543 ,iuter

161 2551 170 2568 “
235 2561 298 2627 alia
328 2562 412 2629 male
441 2563 473 2628 in
506 2563 670 2647 corporale
693 2565 811 2629 crimen
834 2565 942 2644 lapsus
964 2571 998 2628 et
1020 2583 1039 2628 a
1062 2564 1129 2628 suis
1153 2562 1274 2628 clericis
1296 2565 1472 2639 accusatus,

235 2667 393 2732 sententia
409 2659 581 2751 episcopali
599 2665 794 2750 depositus“,
818 2667 965 2733 Nemesio
982 2685 1165 2732 successore
1183 2666 1363 2742 constituto,
1389 2664 1472 2745 epia·

232 2774 379 2851 copatum
411 2771 515 2838 denuo
540 2773 713 2852 inuaserat,
747 2790 867 2852 poenus
891 2771 1013 2852 capiat,
1045 2787 1180 2851 eumque
1205 2769 1314 2834 ublate
1335 2767 1471 2834 reddere

230 2879 332 2955 cogat.

316 2999 445 3073 Registri
462 2999 511 3058 lib.
530 2999 586 3058 XII
602 3016 650 3074 ep.
667 3001 718 3058 31.
744 2998 853 3058 Menai:
871 3001 958 3058 lione.
977 2999 1043 3060 coll.
1060 2999 1097 3070 X,
1115 3001 1187 3058 329.
1212 2997 1324 3068 Marlati
1340 2995 1378 3070 ΙΙ,
1396 2997 1468 3055 290.

274 3083 345 3144 Cod.
364 3084 434 3160 dipl.
451 3083 533 3146 cel).
551 3085 574 3158 l,
592 3087 642 3145 33.
663 3085 755 3145 Jaffo:
772 3085 902 3158 Regesta
917 3089 997 3160 pont.
1014 3103 1087 3144 rom.
1104 3101 1147 3144 nr.
1169 3085 1261 3142 1463.
1383 3153 1387 3160 ,

270 3219 275 3248 ¹
299 3217 420 3286 Dioclea,
436 3201 564 3286 Λῡκλὲα,
584 3219 660 3274 cuius
680 3219 780 3274 rudera
797 3217 923 3287 (Dulrlja
941 3218 1034 3287 Duke)
1053 3233 1125 3273 nunc
1142 3232 1227 3286 prope
1245 3215 1423 3284 Podgoricam
1440 3215 1469 3268 in

231 3303 360 3361 confluxu
378 3305 462 3360 Zetae
480 3311 509 3360 et
526 3304 654 3360 Monetae
673 3306 798 3361 uisuntur
816 3307 852 3373 (r.
873 3306 952 3375 Corp.
971 3305 1050 3360 inser.
1070 3304 1117 3359 lat.
1137 3303 1185 3371 Ill,
1207 3305 1229 3358 l.
1254 3319 1281 3371 p.
1299 3301 1372 3369 283).
1397 3299 1468 3354 Urbs

227 3391 281 3448 sita
301 3397 361 3446 erat
379 3391 407 3446 in
425 3392 708 3462 provinciaPraerali,
728 3381 797 3446 unde
817 3399 915 3461 putant
933 3391 959 3446 in
979 3391 1113 3445 Hieroclis
1126 3387 1290 3480 Spnecdemo
1309 3385 1362 3457 (ed.
1381 3386 1467 3441 Bonn.

227 3495 253 3548 p.
273 3479 337 3547 393)
356 3478 416 3534 loco
438 3459 621 3550 ,Acopdatuost
648 3462 784 3525 Ameletos
806 3476 947 3547 legendum
965 3493 1040 3544 essa3
1062 3460 1219 3547 Δυρραχῑθν
1240 3473 1342 3544 quippe
1359 3473 1389 3527 in
1406 3487 1467 3542 pro·

229 3566 319 3621 vincia
336 3581 422 3621 norae
440 3565 518 3635 Epiri
537 3564 687 3621 adducitur.

824 3813 872 3874 56.

225 3899 248 3960 l.
263 3901 310 3971 tlt,
325 3918 394 3962 uena
408 3900 490 3962 mutio.

270 4016 359 4100 Papa
376 4017 549 4101 Gregorius
564 4017 580 4082 1
603 4015 809 4100 „Constantio
826 4015 974 4097 episcopo
992 4012 1217 4080 sonoritarum
1241 4012 1360 4091 scribit,
1377 4015 1464 4076 certo

228 4138 300 4186 eum
322 4139 426 4199 nosse,
450 4139 532 4202 quae
558 4120 776 4206 ,Neemcsion
801 4119 853 4199 qui
870 4137 905 4182 se
921 4118 997 4182 dicit
1012 4117 1218 4184 Docleatiuae
1242 4113 1379 4182 civitatis
1394 4131 1467 4179 esse

225 4225 408 4302 antistitem,
434 4225 473 4290 de
497 4223 635 4290 facinore
660 4223 750 4288 Pauli
772 4219 971 4288 Docleatiui“
997 4221 1057 4286 sibi
1080 4221 1234 4286 retulerit.
1260 4219 1322 4284 Per
1345 4217 1462 4283 dictum

223 4327 413 4395 Nesmesion
435 4327 533 4394 mittit
555 4324 740 4393 Constantio
775 4325 987 4412 ,exennplaria
1010 4324 1216 4406 scriptorum
1244 4323 1284 4386 ad
1306 4321 1462 4389 loannem

208 4431 344 4514 'pumee
376 4430 574 4498 Justinianae
604 4427 818 4513 episcopum.l
852 4427 1005 4494 Mandata
1026 4426 1077 4492 his
1099 4425 1214 4493 litteris
1237 4427 1405 4504 contenta,
1435 4423 1462 4489 si

222 4534 291 4617 ipse
313 4534 427 4618 exequi
450 4535 559 4617 possit,
584 4540 775 4618 exequatur,
800 4533 847 4598 siu
871 4531 987 4609 minus,
1013 4529 1054 4595 ad
1076 4530 1231 4625 loannem
1254 4527 1461 4610 perferendas

220 4637 344 4706 litteras
367 4629 464 4704 curel.
