3604 5276
1402 427 1465 492 oto

220 621 380 712 τραύματα
404 623 444 688 rot
461 635 523 688 τῶν
539 625 708 713 ὁμοπίστων
730 625 832 698 uubi-
862 645 958 712 aegre
982 623 1106 696 ferebat
1128 633 1224 712 atque
1240 629 1345 698 animo
1369 649 1467 713 ange-

222 751 308 817 ματα
330 728 524 816 ἡγησάμενος,
552 731 616 816 περὶ
638 731 693 801 την
716 753 829 816 παρασ-
859 734 969 816 batur3
999 739 1138 815 tuncque
1160 734 1274 816 legatis
1298 735 1467 816 diligenter

220 831 308 901 κευὴν
331 833 443 916 ἐγίνετο
465 841 527 895 τῶν
550 838 587 906 τίς
609 833 665 902 τὴν
687 842 748 896 τῶν
770 837 829 897 ἱκε-
859 834 997 914 auditis,
1039 854 1160 917 suaque
1198 839 1296 919 ipsius
1334 837 1466 903 vulnera

220 932 390 997 τσυσάντων
413 935 553 1017 βοήθειαν
572 935 743 1022 μελλόντων
765 937 829 1020 ἐξοι-
860 955 969 1004 eorum
986 939 1069 1004 mala
1084 939 1211 1020 ducens,
1229 958 1308 1020 quos
1326 941 1468 1007 eiusdem

220 1036 452 1101 mortiterum·
476 1041 525 1101 καὶ
548 1038 655 1102 στόλον
674 1039 831 1126 ἐξαρτοσά-
861 1040 934 1107 fidei
965 1040 1096 1108 foedera
1119 1045 1295 1123 sociarent,
1329 1045 1361 1108 in
1384 1044 1471 1108 auxi-

220 1163 303 1228 ριενος
318 1150 389 1204 νεῶν
404 1143 511 1206 ἑκατὸν
526 1145 576 1206 καὶ
587 1141 689 1205 πάντα
704 1133 830 1216 δεόντως
859 1145 972 1210 liorum
997 1151 1152 1226 apparatu
1175 1152 1253 1229 orat,
1286 1165 1367 1229 quaa
1390 1163 1470 1227 sup·

219 1243 458 1331 ἑτοιμασοίρενος,
481 1248 531 1309 καὶ
548 1236 638 1332 ἄνδρα
657 1245 765 1310 συνέσει
779 1249 829 1309 καί
859 1248 993 1328 plicibus
1015 1249 1171 1314 mittenda
1193 1249 1389 1328 destinabam
1421 1251 1468 1314 in-

219 1348 350 1434 ὲμπτιρίᾳ
387 1358 448 1412 τῶν
491 1353 611 1412 πολλῶν
652 1340 825 1436 διαφέροντα
856 1357 1041 1433 structaque
1065 1358 1192 1418 centum
1208 1354 1334 1417 navium
1350 1353 1462 1438 classe,

220 1450 418 1538 ἐκλεξάμενος,
447 1451 500 1514 τόν
522 1453 671 1538 πατρίαιον
691 1450 825 1523 Νικήταν
855 1455 1039 1536 cunctisque
1056 1455 1116 1520 rite
1134 1458 1303 1536 apparatio,
1327 1455 1466 1537 singula-

218 1555 308 1640 ρηρί,
331 1555 384 1617 τόν
406 1565 461 1618 τοῦ
483 1557 619 1638 πλωίμου
641 1545 827 1642 δρουγγάριον
856 1558 900 1622 ris
924 1559 1115 1638 prudentiae
1130 1559 1231 1624 virum
1254 1561 1464 1640 experientia·

218 1655 249 1729 ός
276 1657 345 1720 κατ’
367 1659 533 1744 ἐπωνυμίαν
562 1656 739 1745 Ὼορυραςῐῦ
762 1658 825 1721 ἑλέ·
856 1677 918 1739 que
940 1679 1038 1742 supra
1059 1660 1145 1744 vulgi
1168 1679 1259 1726 usum
1283 1662 1462 1744 praeditum

217 1782 300 1846 γετο,
313 1761 410 1847 ὥσπερ
421 1761 487 1823 τινὰ
503 1761 677 1847 πρηστήρων
691 1761 827 1848 κεραυνὸν
858 1763 979 1844 deligit,
996 1763 1139 1830 Nicetum
1155 1765 1330 1846 patricium,
1348 1783 1448 1848 cogno

218 1863 299 1926 κατὰ
321 1873 382 1927 τῶν
405 1865 552 1952 πολεμίων
575 1863 728 1950 ἐκπέμποι.
856 1871 964 1932 mento
994 1867 1233 1950 Oorypham‚¹⁰
1265 1869 1311 1934 rei
1343 1868 1465 1934 navalia

260 1965 303 2030 Oi
324 1958 358 2032 δὲ
379 1968 412 2051 ἐξ
432 1966 564 2056 Ἀφρικῆς
587 1966 767 2054 Σαραιιηνοί,
799 1971 825 2049 οἱ
856 1969 1079 2052 drongarium,
1110 1989 1204 2051 quem
1234 1972 1320 2036 velut
1342 1970 1466 2036 fulmen

217 2079 258 2153 τῇ
280 2073 430 2158 πολιορκίᾳ
445 2080 500 2144 τῆς
515 2073 630 2144 πόλεως
651 2071 826 2155 προσκαθή-
856 2079 970 2137 cuncta
986 2073 1174 2139 comburens
1198 2093 1235 2140 ao
1257 2078 1465 2155 prosternens

217 2165 349 2260 octoadi
357 2174 533 2260 αὐτομόλων
541 2174 749 2259 ἀναμαθόντες
760 2175 829 2245 τοὺς
858 2175 890 2238 iu
912 2175 1022 2241 hostes
1044 2177 1238 2242 immitteret.

216 2273 381 2350 Ῥαουσίους
403 2276 532 2363 πρέσβεις
557 2280 733 2340 ἀποστεῖλαι
756 2277 824 2363 πρὸς
897 2277 1035 2358 Agureui
1057 2284 1094 2343 ut
1115 2279 1229 2346 missos
1260 2280 1300 2344 ad
1322 2280 1460 2359 impera-

217 2379 340 2460 βασιλέα
369 2381 438 2452 τοὺς
468 2379 676 2466 αἰτησομένους
705 2369 824 2467 δύναμιν
854 2385 957 2446 torem
989 2381 1115 2464 legatos
1149 2383 1265 2448 auxilio
1295 2388 1461 2466 rogaturos

218 2485 270 2545 καὶ
291 2483 418 2570 στρατὸν
440 2483 508 2545 κατ’
530 2486 639 2564 αὐτῶν,
662 2483 825 2570 τοῦτομὲν
855 2503 894 2548 ex
909 2483 1054 2568 profugis
1070 2491 1271 2567 acceperuut,
1294 2491 1362 2551 tum
1379 2485 1465 2566 quod

215 2585 271 2655 τήν
284 2584 427 2672 σύντομον
439 2586 690 2674 ἀπογινώσκοντες
705 2589 823 2661 ἂλωσιν,
853 2588 966 2653 urbem
990 2588 1079 2655 brevi
1102 2590 1286 2670 cupiendum
1304 2607 1366 2655 non
1389 2607 1462 2671 spe·

216 2697 309 2751 τοῦτο
337 2679 371 2752 ot
398 2689 454 2760 τὴν
476 2687 636 2778 ἀφικέσθαι
657 2681 826 2776 πρυσδοκω-
856 2697 981 2771 rarent,
1017 2696 1085 2756 tum
1115 2692 1202 2773 quod
1229 2693 1401 2758 mittendas
1424 2693 1464 2758 ab

214 2791 303 2878 μένην
315 2792 500 2874 ίαβιιοιλέως
511 2784 659 2866 δείσαντες
670 2793 820 2876 βοήθειαν,
851 2795 1044 2875 imperatore
1068 2794 1211 2860 subsidio
1227 2795 1334 2876 copias
1353 2793 1462 2861 lormi-

214 2895 314 2959 λύουσι
332 2897 387 2966 τήν
403 2897 569 2983 πολιορκίαν
583 2899 634 2959 καὶ
648 2885 709 2959 τῶν
720 2897 823 2959 τόπων
853 2897 975 2976 darent,
1000 2897 1197 2964 obsidionem
1222 2899 1389 2982 dirimunt3
1413 2898 1461 2962 in-

214 2999 330 3062 ἐκείνων
351 2999 597 3066 ἀπαναστούουσι.
620 2999 702 3062 κατὰ
720 2990 753 3062 δὲ
768 2999 823 3070 τήν
853 3001 957 3082 dequo
980 2999 1139 3067 solventes
1162 3007 1258 3083 atque
1280 3002 1313 3066 in
1335 3000 1461 3066 Italiam

215 3099 352 3178 Ἰταλίαν,
374 3101 394 3174 ἤ
416 3112 465 3165 νῦν
487 3094 683 3189 Λαγοβαρδίιι
703 3103 820 3188 ωνόμα-
850 3103 915 3184 (cui
930 3102 1377 3187 nnncLougobardianomen
1392 3105 1457 3186 est)

214 3227 293 3289 σται,
316 3197 544 3293 διαπεράσαντες
560 3207 598 3269 τὰ
613 3204 738 3292 κάστρον
762 3203 823 3268 Βά-
852 3207 1107 3273 transmittentes
1141 3206 1314 3273 Barensern
1351 3224 1458 3273 arcem

212 3331 281 3396 ριιις
296 3308 506 3396 ἐξεπόρθησαν,
523 3311 573 3373 καὶ
585 3308 695 3372 αὐτόθι
705 3331 821 3372 κατασ-
850 3316 1087 3394 expugnamnt3
1132 3311 1239 3392 ibique
1277 3310 1460 3376 habitantes

212 3412 397 3485 κοινώσαντες
425 3413 476 3474 καὶ
505 3424 566 3486 τοῖς
595 3415 710 3499 μᾶλλον
738 3413 816 3498 ἐγγί-
848 3430 919 3478 cum
942 3413 1144 3480 vicinioribus
1160 3414 1303 3495 quotidie
1326 3413 1453 3496 ingrue·
1568 3459 1573 3472 .

212 3515 291 3598 ζουσι
312 3515 384 3578 καθ’
406 3514 536 3586 ἑκάστην
558 3515 754 3602 ἐπιτιθέμενοι
768 3517 818 3578 καὶ
848 3521 920 3582 rent
939 3534 977 3581 ao
999 3518 1172 3582 remotiora
1188 3522 1352 3582 tentarent
1375 3535 1458 3582 senr-

212 3627 273 3682 τῶν
294 3617 465 3706 πορρωτέρω
494 3623 747 3705 κατατολμῶντες
768 3621 819 3682 καὶ
848 3638 969 3702 perque
992 3621 1108 3685 dicioni
1131 3639 1207 3686 aune
1231 3620 1353 3701 aliquid
1376 3620 1460 3686 adii·

212 3723 257 3786 ἀεί
278 3746 308 3785 τι
325 3723 625 3810 προσλαμβανόμενον,
648 3731 747 3786 πᾶσαν
761 3722 818 3794 τόν
850 3729 967 3802 carent,
988 3741 1113 3790 omnem
1129 3723 1384 3805 Longoburdiaor
1401 3724 1458 3789 ad·

211 3816 423 3916 Λαγοβοιρδίαν
445 3825 512 3913 ἄχρι
533 3827 583 3890 καὶ
605 3829 698 3899 αὐτῆς
712 3817 818 3913 σχεδόν
848 3845 948 3909 usque
978 3828 1143 3908 praecelsa
1172 3828 1332 3909 quondam
1357 3844 1460 3908 prope

211 3939 265 4004 τῆς
287 3929 363 3994 ποτὲ
385 3921 584 4018 μεγαλοδόξου
599 3928 714 4016 Ῥώμης
732 3928 816 4016 tapa-
847 3930 948 4014 gloria
971 3931 1105 3997 Romam
1122 3931 1327 4014 subegerunt.
1351 3929 1458 4011 Atque

211 4057 315 4106 τησαν,
337 4036 388 4098 καὶ
410 4032 470 4123 εἶχε
492 4033 544 4122 μὲν
567 4031 646 4097 οίιτω
669 4043 779 4098 ταῦτα.
848 4035 880 4098 in
903 4033 987 4100 bunc
1009 4034 1137 4100 modurn
1154 4051 1188 4100 se
1206 4053 1257 4100 res
1275 4033 1457 4100 Occidentis

254 4136 339 4208 Ἐπεὶ
360 4129 393 4201 δὲ
415 4141 442 4201 οἱ
470 4141 517 4201 ἐπὶ
547 4148 601 4211 τῆς
623 4138 762 4223 ἐκμελοῦς
783 4159 820 4200 τε
848 4137 1022 4204 habebant.

211 4244 261 4305 καὶ
283 4241 419 4331 βορβόρου
434 4241 580 4324 βασιλείας
602 4241 671 4329 πρός
685 4241 741 4312 τήν
756 4242 818 4304 ἐπι-
893 4239 986 4318 Quod
1009 4260 1084 4308 vero
1107 4241 1244 4321 barbari,
1269 4240 1322 4321 qui
1342 4239 1387 4305 aio
1402 4259 1457 4305 ne-

210 4344 347 4433 κράσειαν
357 4355 419 4408 τῶν
427 4343 580 4432 Ῥωμαίων
592 4335 820 4431 διαπεράσαντες
849 4345 953 4428 gleoto
992 4345 1195 4426 segniterque
1237 4343 1457 4408 administrato

210 4447 346 4536 βάρβαροι
359 4450 410 4512 καὶ
424 4446 642 4512 τοῦῬαουσίου
658 4451 820 4534 ἀποκρουσ-
849 4449 983 4530 imperio
1021 4448 1054 4512 in
1090 4449 1265 4513 Romanam
1306 4446 1457 4513 ditionem

209 4551 322 4627 θέντες,
333 4549 473 4639 καθάπερ
482 4542 541 4624 ἤδη
550 4551 688 4640 πρότερον
696 4556 816 4638 εἴρηται,
849 4553 1041 4618 traiecerant
1068 4549 1214 4632 pulsique
1242 4549 1384 4632 Ragusio
1407 4548 1457 4615 iu-

209 4661 254 4718 ότι
289 4655 372 4718 κατὰ
411 4655 467 4726 τὴν
504 4652 631 4720 Ἰταλίαν
667 4647 817 4741 διέτριβον,
847 4663 948 4740 erant,
973 4655 1105 4721 utiiam
1129 4655 1328 4732 dictumest,
1352 4652 1457 4719 adbuc

1291 4759 1354 4822 22a
