3520 5422
325 385 435 458 XVIII

457 617 487 662 6.
514 605 579 662 610.
604 595 733 664 Slaveni
755 599 788 661 in
811 598 946 662 vicinam
968 595 1156 679 Baioariam,
1187 594 1288 660 Dravi
1309 593 1398 659 116611

415 706 518 770 cursu,
540 686 664 749 irruunt
1420 685 1483 741 264

456 779 488 834 αξ
514 779 572 832 611.
598 768 727 836 Slaveni
749 769 904 834 Histriam
928 768 1030 834 denuo
1053 765 1286 854 depraedantur
1420 771 1482 828 264

327 861 350 922 l.
366 860 480 920 tlt-35.
503 857 601 922 Avari
631 867 663 922 et
693 855 832 940 Slaveni,
863 855 1037 942 horumque
1067 855 1177 940 populi
1206 851 1336 918 Chroati
1366 862 1398 918 et

372 941 477 1010 Serbb
506 943 714 1028 Dalmatiam,
746 946 947 1028 priorumque
977 965 1051 1028 para
1074 941 1195 1027 Illyrici
1217 960 1343 1026 quoque
1366 950 1398 1005 et

371 1031 556 1096 Pannoniae
579 1052 651 1096 oras
673 1035 838 1118 contiguas
861 1039 1024 1116 occupant.
1050 1051 1097 1092 nr.
1124 1033 1194 1092 164.

329 1121 351 1182 1.
367 1119 415 1180 ur.
440 1113 570 1182 Slaveni
599 1117 862 1183 Beneventanum
890 1119 923 1181 in
951 1115 1045 1181 ltalia
1074 1114 1223 1180 ducatum
1253 1111 1397 1198 adgredi·

370 1213 476 1270 untur.
501 1227 549 1267 66.
576 1209 646 1266 166.
1334 1260 1337 1268 ,

330 1289 494 1375 Occupata
514 1313 534 1354 a
548 1290 694 1356 Obroatis
714 1290 876 1356 Dalmatia
897 1290 1023 1354 urbium
1046 1298 1078 1353 et
1100 1289 1215 1353 civium
1237 1287 1394 1350 Romano-

372 1400 444 1442 rum
466 1377 539 1442 fata.
563 1402 610 1442 nr.
638 1382 710 1440 166.

367 1519 376 1534 .
460 1463 551 1529 Multi
573 1463 752 1529 Dalmatiae
773 1463 947 1529 incolatum
976 1462 1017 1527 ab
1045 1461 1175 1527 advenis
1197 1459 1343 1526 Obroatis
1365 1459 1399 1521 in

417 1554 601 1617 servitutem
630 1550 826 1638 redigrmtur.
858 1551 947 1637 Papa
975 1549 1119 1614 Joannes
1145 1545 1194 1611 IV
1218 1541 1398 1632 (640-42)

418 1638 458 1705 (16
480 1639 675 1725 captivorum
704 1636 922 1724 redemptione
944 1637 1018 1725 agit,
1049 1645 1082 1701 et
1108 1635 1256 1720 reliquias
1279 1630 1400 1698 Salona

416 1726 550 1791 Romam
573 1724 724 1791 transfert
1420 1721 1482 1779 277

459 1809 636 1878 Salonitani
651 1812 735 1875 cives
755 1812 891 1897 primum
907 1833 964 1896 per
978 1808 1096 1874 insulas
1114 1808 1233 1872 vicinas
1255 1805 1398 1892 dispersi,

414 1897 558 1964 66666111
572 1896 725 1964 Jaderam
747 1907 779 1962 et
800 1896 984 1984 Ragnsium,
1008 1894 1093 1983 quod
1108 1894 1148 1959 ab
1164 1891 1398 1979 Epidauritanis

414 1984 567 2064 conditur,
591 1986 738 2070 mIgrant,
765 1985 891 2070 plurimi
914 1982 1081 2070 Spalatum
1103 2004 1137 2048 se
1160 1981 1315 2067 recipiunt
1421 1981 1483 2040 276

327 2073 351 2138 1.
365 2074 409 2134 677.
433 2069 563 2138 Slaveni
579 2067 849 2158 (pannonIenses),
865 2071 1000 2158 chagani
1020 2069 1147 2149 subditi,
1170 2091 1242 2132 cum
1258 2066 1398 2132 exercitu

370 2160 495 2233 avarico
518 2157 777 2224 Thessalonicam
800 2157 954 2223 obsident.
978 2179 1025 2222 nr.
1052 2161 1124 2219 167.

327 2247 412 2309 tna
434 2245 615 2310 Avarorum
636 2245 799 2332 chaganus
821 2245 936 2331 aliique
959 2243 1199 2310 occidentabum
1233 2241 1399 2306 nationum

371 2331 469 2418 (inter
490 2354 569 2419 quas
592 2331 805 2398 Obroatorum
834 2354 933 2418 aeque
956 2354 994 2397 ac
1016 2324 1218 2413 Serblorum)
1241 2328 1397 2414 principes

369 2441 481 2505 paoem
503 2441 575 2484 oum
598 2420 815 2485 Romanorum
844 2421 1033 2506 imperatore
1057 2414 1266 2482 Constantino
1298 2435 1397 2501 pogo-

370 2516 445 2571 nato
470 2509 591 2571 ineunt.
615 2529 661 2570 nr.
690 2511 760 2568 166.

327 2591 422 2659 Novo
450 2594 484 2657 16
514 2592 676 2658 Dalmatis
705 2614 811 2658 rerum
846 2591 947 2658 ordini
982 2589 1188 2656 fundamenta
1222 2589 1397 2654 iaciuntur:

371 2689 482 2745 mutua
494 2681 577 2748 inter
592 2679 754 2744 Romanos
770 2690 802 2745 et
816 2678 972 2746 Obroatos
994 2675 1121 2742 vivendi
1144 2678 1223 2743 ratio
1246 2677 1396 2758 initiatur,

371 2765 644 2852 archiepiscopalis
660 2765 750 2831 sedes
767 2765 886 2832 Salona
902 2763 1067 2851 Spalatum
1087 2763 1285 2841 transfertur,
1309 2763 1398 2828 initia

370 2852 560 2919 christianae
582 2853 744 2939 religionis
766 2852 849 2939 apud
874 2849 1030 2918 Slavenos
1058 2849 1207 2931 advenas,
1231 2850 1398 2915 conventio

371 2961 443 3004 cum
465 2939 638 3025 apostolica
660 2939 734 3004 sede
756 2961 895 3005 romana.
919 2961 967 3004 nr.
995 2944 1065 3002 169.

326 3028 349 3090 l.
365 3028 409 3088 ut
434 3023 616 3091 Sirmiensis
638 3026 822 3091 Pannoniae
845 3025 911 3090 dux
933 3025 1037 3091 deficit
1059 3025 1100 3090 ab
1121 3021 1301 3089 Avarorum
1324 3019 1398 3088 oba-

435 3134 463 3197 o,
487 3121 584 3199 atquo
608 3136 680 3177 cum
699 3113 815 3200 populo
838 3113 871 3177 in
893 3111 1113 3179 Macedoniam
1135 3111 1261 3195 migrat,
1284 3109 1398 3196 hicque

400 3199 597 3265 hessalonioa
623 3201 717 3286 potiri
740 3209 850 3266 tentat.
873 3223 921 3264 nr.
948 3204 1019 3263 170.

325 3287 349 3348 1.
364 3287 489 3350 tlt-ul.
511 3286 701 3365 Dalmatiae,
725 3285 893 3352 Obroatiae
915 3295 947 3351 et
969 3285 1153 3352 Pannoniae
1178 3283 1334 3348 inferioris
1357 3282 1399 3347 ad

369 3371 568 3439 Francorum
591 3375 756 3459 imperium
779 3373 838 3439 snb
854 3371 970 3438 Carolo
985 3371 1030 3438 M.
1047 3382 1079 3436 et
1094 3369 1256 3436 Ludovico
1275 3369 1397 3435 relatio.

370 3483 418 3528 nr.
446 3465 580 3523 171-2.

455 3567 485 3610 6.
513 3553 575 3609 791.
600 3547 683 3611 Β6111
705 3556 817 3612 contra
838 3545 963 3610 Avares
986 3547 1018 3609 in
1042 3543 1207 3610 Pannonia
1229 3542 1394 3609 exordium
1420 3544 1481 3604 295

455 3653 484 3696 6.
512 3639 580 3697 796.
618 3631 748 3699 Slaveni
782 3633 840 3697 sub
878 3632 1023 3718 Vojmiro
1057 3633 1253 3696 Francorum
1288 3639 1399 3695 contra

412 3719 538 3786 Avares
561 3721 644 3785 socii.
681 3719 793 3785 Novus
812 3722 845 3783 in
868 3719 1034 3784 Pannonia
1055 3721 1139 3783 intra
1159 3717 1344 3782 Danubium
1367 3725 1399 3781 et

411 3807 559 3872 Dravum
581 3827 686 3871 rerum
710 3805 787 3871 ordo
1397 3806 1482 3884 ,298

455 3913 485 3957 6.
513 3899 582 3956 799.
606 3892 750 3974 Erichus,
780 3892 845 3958 dux
873 3891 1108 3973 Foroiubensis,
1137 3889 1177 3955 ad
1201 3889 1398 3954 Tarsatieam

412 3982 446 4045 in
467 3980 621 4045 Liburnia
643 3978 809 4063 occiditur3
833 3979 972 4044 eiusdem
996 3978 1139 4043 encomia
1420 3979 1484 4038 300

454 4085 484 4130 6.
510 4072 643 4128 eoa-3.
667 4065 784 4151 Agitur
799 4064 838 4131 de
854 4088 931 4151 pace
952 4067 1035 4131 inter
1050 4064 1191 4129 Francos
1206 4072 1238 4126 et
1253 4060 1396 4127 Graecos
1419 4066 1482 4125 303

455 4173 484 4215 6.
511 4159 580 4231 803,
605 4159 745 4236 6666666.
764 4151 905 4230 Carolus,
944 4151 1086 4217 acilicata
1101 4151 1276 4230 Pannonit,
1296 4150 1397 4214 orien-

411 4238 487 4304 talia
508 4241 631 4326 imperii
654 4240 702 4303 sui
724 4239 860 4304 confinia
882 4175 1007 4306 ordinat
1419 4239 1480 4298 305

454 4345 484 4388 6.
510 4331 579 4388 604.
604 4327 759 4405 Donatus,
783 4324 922 4392 Jaderae
945 4329 1119 4413 episcopus,
1135 4332 1168 4388 et
1182 4322 1310 4403 Beatus,
1328 4319 1391 4386 Ve-

409 4413 566 4477 netiarum
588 4411 663 4497 dux,
687 4415 773 4477 missi
796 4411 990 4500 Byzantium
1005 4412 1047 4477 ad
1061 4432 1169 4498 paoem
1193 4412 1275 4474 inter
1298 4407 1394 4475 Caro-

411 4498 478 4562 lum
511 4507 543 4563 et
572 4498 787 4585 Nicephorum
819 4498 1075 4586 promovendam.
1111 4497 1290 4563 Translab'o
1324 4493 1395 4562 reli-

408 4587 552 4670 quiarum
575 4607 599 4650 s.
623 4586 812 4651 Anastasiae
833 4587 991 4672 Byzantio
1013 4584 1166 4651 Jaderam
1418 4585 1480 4644 306

451 4691 481 4736 6.
507 4679 574 4738 805,
599 4671 714 4738 Veneti
736 4673 895 4739 destinant
917 4673 1048 4740 classem
1071 4674 1103 4737 in
1125 4671 1321 4736 Dalmatiam
1417 4672 1481 4733 310

1507 3198 1569 3258 292

1509 3458 1571 3518 295
