3604 5276
291 383 353 446 356

896 595 924 654 3.

287 675 310 737 l.
327 676 372 738 tll.

286 813 436 879 Saraceni
464 832 551 876 mare
580 813 770 876 adriaticum
800 833 894 898 esque
924 813 967 876 ad
994 813 1151 892 Quareeri
1173 815 1292 898 culfum
1314 818 1428 882 iterum
1450 819 1530 901 iase·
1627 883 1634 895 ,

594 923 698 998 etomt;
718 938 829 1002 popae
851 917 896 980 od
916 919 1053 981 decaniam
1072 917 1217 1004 Scaeepo.

329 1037 366 1104 In
399 1038 536 1104 secundo
569 1057 645 1104 vero
677 1039 776 1103 anno¹
805 1039 919 1104 iterum
950 1038 1103 1119 praedicti
1128 1039 1278 1107 Saraceni
1302 1043 1436 1107 maximo
1459 1061 1529 1108 oum

285 1144 426 1207 exercitu
456 1160 557 1223 usque
586 1143 627 1204 ad
658 1141 824 1219 Quernarii
856 1141 972 1206 culfum
1008 1150 1228 1224 pervenerunt.
1264 1144 1349 1222 Quos
1381 1145 1526 1212 Venetici

283 1247 389 1311 navali
413 1245 617 1326 expedicione
640 1247 879 1327 aggredientem,
903 1247 1018 1311 acriter
1040 1247 1128 1311 innto
1143 1245 1256 1332 locum,
1282 1250 1334 1330 qui
1351 1248 1529 1332 Sansagus²

283 1351 481 1428 nominatur,
514 1367 611 1430 supra
642 1351 769 1414 cosdem
801 1351 970 1425 irruerunt.
1008 1349 1071 1414 Sed
1095 1351 1221 1416 domum
1244 1353 1389 1417 Venetici
1414 1354 1527 1419 darrtes

281 1459 384 1536 terga,
408 1453 483 1518 victi
504 1454 644 1536 regressi
666 1459 749 1517 sunt.

370 1577 513 1637 iohannis
529 1577 686 1636 chronicon
704 1583 801 1636 venet,
830 1578 915 1636 Porlz
931 1576 983 1638 SS.
1002 1578 1068 1653 VII,
1097 1581 1145 1640 18.
1170 1578 1262 1638 Andr.
1279 1579 1408 1640 Dandoli
1425 1579 1525 1640 chron.

325 1671 423 1725 venet.
440 1664 582 1722 Muratori
598 1664 665 1742 XII,
686 1666 756 1724 177.

322 1780 376 1835 ¹Id
400 1786 442 1834 est
466 1796 490 1834 a.
510 1783 569 1833 844.
661 1779 809 1848 'Sausego
835 1779 944 1846 lSuiak)
968 1779 1057 1834 insula
1082 1795 1166 1848 parva
1193 1781 1228 1834 ab
1253 1781 1390 1836 occidente
1416 1783 1524 1838 insulae

280 1866 372 1919 Laiin.
392 1865 461 1920 Vide
479 1870 549 1920 Acte
567 1881 607 1919 nr.
627 1867 669 1932 68,
689 1881 716 1933 p.
735 1867 777 1919 89.

888 2083 918 2139 4.
983 2079 990 2092 .

278 2164 299 2226 6.
315 2184 335 2226 a.
351 2166 397 2226 tto.

597 2248 771 2334 choaium
794 2250 933 2311 rcloaimo
952 2255 1047 2330 parte
1070 2249 1197 2312 corruit.

320 2371 450 2435 Interea
471 2370 652 2436 Lodovicus
668 2369 870 2458 'Francorum
900 2389 954 2433 rex
978 2369 1154 2433 Beneventi
1178 2370 1388 2452 principatum
1412 2372 1520 2456 adivit,

277 2479 311 2538 el
333 2479 424 2555 capto
440 2474 647 2539 Abomasale¹
672 2474 806 2552 inimico,
830 2491 899 2536 curn
917 2474 981 2536 suis
998 2473 1130 2536 Romam
1146 2475 1310 2554 ingressus
1328 2482 1387 2552 est,
1411 2476 1520 2556 sicque

276 2577 317 2642 ab
341 2577 515 2658 apostolico
540 2585 710 2642 coronatus
733 2584 767 2642 et
790 2581 902 2642 unctus
926 2577 1028 2641 estin
1053 2577 1188 2658 regom.l

320 2679 438 2746 Fertur
461 2699 587 2762 quoqne
611 2688 686 2745 tunc
708 2681 935 2762 Ragnsiensem
952 2681 1111 2744 ciuitatem
1128 2681 1223 2745 inanis
1239 2686 1272 2746 et
1287 2687 1383 2745 ventu
1399 2682 1518 2763 impetu

274 2787 410 2850 maxima
433 2803 472 2848 ex
494 2791 586 2866 parte
612 2785 773 2850 cecidisse.

364 2909 469 2970 Jolrun.
488 2910 588 2970 chron.
606 2915 702 2970 venet
720 2911 807 2969 Porta
823 2907 874 2968 SS.
886 2886 958 2985 'v11‚
978 2911 1026 2970 18.

361 3066 528 3126 Chronicon
551 3066 679 3127 Siculum
703 3083 751 3142 ap.
776 3066 934 3125 Murelori:
958 3065 1064 3142 Script.
1089 3053 1146 3125 ror.
1171 3065 1273 3141 dull,
1294 3069 1319 3126 1.
1344 3085 1373 3142 p.
1392 3069 1463 3126 245.
1481 3068 1518 3128 de

315 3155 438 3230 Raguea
455 3160 571 3214 narrat:

315 3273 352 3337 A.
378 3277 461 3338 6356
487 3269 589 3358 (848).
615 3270 718 3353 Capta
740 3275 789 3337 est
812 3270 941 3351 Ragusa
963 3270 1066 3351 prime
1088 3272 1167 3336 vice.

316 3378 353 3442 A.
379 3382 463 3443 6375
488 3374 590 3462 (867).
615 3374 746 3440 Tradita
769 3380 819 3440 est
841 3375 971 3457 Bagusa
993 3376 1140 3441 secundo.

359 3505 415 3563 Aet
430 3521 447 3563 a
462 3508 558 3562 mente
575 3503 728 3561 clarissimi
752 3502 790 3562 Μ.
808 3499 908 3560 Amori
932 3497 1043 3582 (scoria
1059 3502 1106 3562 dei
1123 3503 1298 3561 Musulmani
1316 3503 1344 3562 di
1362 3503 1470 3566 Sicilia.
1488 3505 1510 3579 Ι,

316 3594 389 3652 319.
407 3587 494 3668 346.)
518 3589 565 3647 hio
589 3608 646 3647 non
671 3588 836 3647 Dalmatiae
860 3587 912 3647 aod
929 3587 1045 3648 Siciliae
1064 3589 1202 3666 Ragnar,
1234 3588 1328 3670 „forto
1345 3593 1467 3650 castello
1483 3593 1511 3649 in

314 3677 371 3736 Vel
387 3677 416 3736 di
432 3677 529 3735 Nolo“
551 3677 579 3734 in
596 3673 694 3734 infima
710 3675 823 3733 insulae
837 3680 931 3755 parte,
950 3675 1196 3750 subintelligenda
1211 3682 1264 3737 cst.

314 3795 319 3824 ¹
337 3794 531 3862 Aminaeum,
550 3793 658 3847 Massar
677 3792 705 3846 iu
724 3791 815 3846 chron.
836 3791 1000 3859 Cassinonsi,
1020 3792 1054 3845 ab
1074 3789 1183 3846 Andrea
1195 3793 1317 3860 Bergem.
1338 3798 1365 3846 ct
1383 3793 1513 3848 Erchem·

267 3886 475 3951 pertovocatnr.
491 3881 585 3934 Porta:
605 3879 702 3948 Script.
721 3879 769 3932 111.·
808 3880 907 3932 ²aluno
919 3881 971 3932 850
989 3878 1032 3932 die
1051 3883 1067 3932 6
1086 3879 1190 3947 aprilis.
1210 3878 1350 3934 Prudentii
1370 3895 1432 3933 ormv
1452 3883 1512 3934 850.

267 4200 429 4262 tol-ln.
876 4113 904 4171 δ’

269 4335 404 4402 Barium
434 4335 591 4401 obsidione
621 4338 756 4420 cinpitm·
779 4335 969 4419 accpiter,
1004 4333 1179 4414 „Scioocnis
1201 4355 1271 4400 cam
1293 4333 1422 4399 notatus
1444 4336 1511 4400 orric

637 4441 724 4525 apccd
747 4438 860 4502 Barim
882 4437 1146 4502 consisteretur.

310 4566 347 4629 In
372 4565 483 4630 diebus
507 4563 625 4630 Ursoni
650 4562 873 4628 Veneticorum
897 4561 968 4625 duci
1000 4561 1182 4625 nunciatum
1207 4568 1273 4642 est,
1306 4563 1390 4645 qnod
1421 4581 1510 4628 excr-

266 4667 347 4737 cilns
371 4667 617 4733 Sarracenorum
649 4667 736 4731 iuxta
768 4665 941 4730 Tarentum
965 4670 1117 4730 roano-ec.
1153 4664 1242 4730 Tunc
1265 4667 1398 4732 navibus
1421 4665 1510 4732 belli·
