3602 5304
1400 423 1456 482 191

225 627 338 688 nancta
359 621 428 688 eius
450 621 591 688 membra
612 621 830 703 requiescunt,
862 623 947 688 inter
969 641 1081 689 omnes
1104 621 1256 688 ecelesias
1278 625 1461 705 prouinciae

224 725 319 792 huius
342 723 547 807 primatum²⁴
568 725 702 800 haheat,
734 731 766 791 et
787 726 971 808 metropolis
1002 745 1116 792 nomen
1143 745 1239 808 super
1262 747 1370 796 omnes
1392 731 1457 812 epi-

225 835 375 912 scopatus
410 829 550 914 legitime
584 829 752 908 sortiatur,
791 831 836 894 ita
867 829 1030 896 dumtaxat
1059 837 1095 894 ut
1123 831 1164 896 ad
1195 831 1262 898 eius
1293 833 1463 902 lussionem

225 934 384 1018 episcopi,
417 935 470 1014 qui
492 951 550 1016 per
572 933 711 999 diuinam
734 934 870 1016 gratiam
892 934 1077 1000 cathedram
1098 935 1200 1016 ipsam
1224 937 1463 1020 obtinuerint,²⁵

225 1045 259 1107 et
271 1039 412 1122 synodus
428 1038 606 1106 celebretur
619 1042 653 1103 et
668 1039 864 1104 consecratio
877 1039 1094 1121 episcoporum
1119 1039 1218 1122 (fiat);
1242 1043 1317 1124 quia
1333 1043 1459 1111 dicente

226 1143 371 1210 domino:
398 1143 471 1222 ,ubi
493 1141 589 1209 fuerit
612 1161 735 1224 corpus,
758 1143 822 1207 illic
844 1145 1121 1226 congregabuntur
1143 1153 1177 1211 et
1199 1147 1355 1228 aqussael.

269 1248 311 1313 Π.
335 1247 382 1313 Ut
404 1249 437 1312 in
460 1247 581 1313 cunctis
603 1246 752 1326 ecclesiis,
776 1247 808 1311 in
830 1249 944 1328 quibua
960 1247 1118 1330 semper²⁰
1133 1251 1283 1316 recolitur
1299 1253 1461 1335 episcopos

225 1353 396 1431 habitasse,
422 1368 505 1416 nunc
526 1358 631 1416 autem
654 1351 729 1416 cleri
751 1350 828 1417 ordo
844 1359 877 1416 et
892 1353 1058 1434 populus²⁷
1081 1353 1240 1421 sufficiens
1268 1357 1360 1424 adest
1375 1359 1459 1424 iutra

227 1457 393 1524 dioceseos
415 1455 542 1533 limites,
566 1455 732 1539 episcopus
754 1455 927 1536 habeatur;
951 1458 1026 1539 quia
1045 1459 1132 1524 iuxta
1155 1459 1284 1526 decreta
1307 1463 1459 1530 nonlicet

225 1563 258 1627 in
271 1561 405 1627 modicis
417 1559 599 1627 ciuitatibus
612 1560 664 1625 uel
680 1559 763 1626 uillis
779 1561 942 1643 epIscopos
955 1569 1112 1642 statuere,
1136 1584 1178 1630 ne
1195 1584 1307 1633 nomen
1319 1567 1459 1650 episcopi

225 1667 371 1734 uilescat.
395 1664 439 1730 Et
460 1669 496 1730 ut
517 1666 682 1746 episcopus
706 1683 822 1731 uacans
852 1672 1019 1732 uocantem
1051 1668 1199 1735 diocesim
1230 1689 1298 1736 cunr
1330 1672 1460 1738 consilio

225 1769 468 1853 metropolitani
490 1777 523 1835 et
545 1777 741 1836 caeterorum
763 1771 983 1853 episcoporum
1007 1773 1220 1860 co(ns)e(nsu)
1243 1776 1385 1858 accipiat.

269 1875 328 1942 III.
353 1873 509 1952 Quoniam
530 1874 657 1939 nrinimc
680 1875 806 1941 temrioi
821 1893 840 1940 a
855 1875 999 1956 patribus
1015 1877 1125 1942 statuti
1140 1878 1305 1944 transferri
1328 1880 1461 1948 debent:

225 1982 443 2063 unusquisque
466 1980 630 2062 episeopus
647 1977 821 2060 descriptos
838 1978 898 2044 sihi
913 1979 1064 2046 terminos
1083 1981 1254 2064 possideat,
1278 1990 1312 2049 et
1327 1983 1462 2051 alienam

226 2085 378 2153 diocesim
395 2083 574 2150 nullatenus
594 2083 734 2161 inuadat,
757 2083 825 2150 iure
848 2085 976 2165 proprio
1001 2090 1128 2150 seruato
1151 2087 1184 2151 in
1205 2089 1463 2170 regenerandir²⁸

226 2187 499 2276 (catechumenis),
515 2188 738 2254 consecrandis
750 2189 898 2268 eeclesiis,
918 2190 971 2254 uel
987 2191 1203 2259 sacerdotibus
1218 2196 1460 2276 promouendis3'

227 2303 326 2378 acque
347 2315 367 2362 a
389 2313 447 2362 suo
469 2295 616 2376 episcopo
639 2292 776 2358 chrisma
797 2293 1021 2376 accipiendum.

268 2400 324 2467 IV.
358 2399 404 2465 Ut
425 2397 640 2482 possessiones
667 2397 887 2476 ecelesiarum,
919 2415 1000 2479 quae
1022 2417 1079 2482 pro
1101 2402 1239 2482 peccatis
1263 2404 1460 2472 conditorum

224 2505 354 2571 oblatae
365 2509 439 2570 sunt
454 2503 494 2568 ad
506 2502 658 2568 honorem
669 2509 861 2588 sanctorum,
878 2505 1093 2571 saecularibus
1105 2505 1231 2571 minime
1246 2509 1462 2590 mancipentur

228 2608 415 2698 (seruitiis);
444 2609 608 2690 quiores,
633 2607 693 2676 deo
716 2607 814 2674 semel
845 2607 1006 2689 dedicata,
1037 2609 1171 2677 humano
1202 2612 1340 2679 dominio
1371 2615 1463 2681 subdi

224 2733 288 2782 non
311 2713 417 2779 debet.

268 2817 306 2884 V.
330 2815 377 2883 Ut
399 2819 425 2883 si
446 2834 528 2899 quae
551 2815 705 2882 ecclcsiae
729 2814 780 2882 uel
804 2816 963 2897 possessio
986 2837 1043 2898 per
1058 2819 1293 2902 priuilegiuma
1314 2821 1462 2890 fidelibus

224 2924 285 2990 suh
307 2922 508 2989 anathemate
531 2922 563 2986 in
586 2920 751 3003 principali
774 2920 907 2987 ecclesia
936 2922 1022 2988 beati
1045 2923 1131 2989 Petri
1153 2925 1289 3006 apostoli
1312 2927 1457 2996 subditae

224 3033 308 3111 sunt,
343 3027 470 3094 minime
492 3023 771 3107 subtrahantur,¹¹⁹
794 3033 950 3106 quatenus
974 3024 1289 3096 etoffe1·entes⁸⁰et
1312 3051 1362 3098 res
1385 3035 1454 3115 ipsa

223 3131 388 3198 tuentibus
411 3129 529 3196 Christi
551 3129 703 3212 clauigeri
724 3130 812 3196 Petri
834 3136 982 3198 tueantur
1004 3130 1171 3215 suffragiis.

268 3235 322 3302 VI.
346 3235 393 3301 Ut
408 3237 445 3318 si,
462 3236 568 3302 diuino
590 3235 706 3301 iudicio
729 3234 968 3322 (permittente),
984 3237 1016 3300 in
1032 3237 1168 3302 tumultu
1190 3239 1291 3320 plebis
1312 3243 1460 3324 princeps

222 3343 408 3426 prouinciae
424 3341 594 3421 occidatur,
610 3341 693 3423 quia,
711 3341 795 3422 quod
810 3360 829 3406 a
843 3340 950 3406 multis
966 3341 1180 3422 committitur,
1201 3344 1459 3414 inultnmmanet:

223 3447 315 3530 pro³¹
328 3447 398 3528 ipso
410 3451 510 3522 reatu,
526 3447 580 3528 qui
596 3451 826 3526 cognoscuntur
842 3445 967 3510 obnoxii
982 3464 1062 3526 esse,
1079 3445 1197 3512 debent
1207 3465 1265 3530 pro
1277 3449 1346 3530 ipsa
1358 3452 1462 3519 anima

225 3552 423 3633 elemosynas
445 3548 568 3628 facere3
593 3556 624 3616 at
640 3550 667 3614 si
683 3567 777 3631 quam
792 3549 958 3614 ecclesiam
982 3549 1139 3617 dedicavit
1162 3553 1213 3618 uel
1229 3553 1359 3621 libertos
1375 3555 1460 3638 fecit,

223 3655 397 3724 defendere
418 3673 548 3721 uxorem
570 3659 626 3719 aut
648 3652 728 3719 filios
750 3651 860 3720 fouere
881 3653 1025 3737 benigne.

268 3761 340 3827 vn.
363 3759 411 3826 Ut
426 3761 453 3825 si
468 3760 539 3842 quie
555 3759 718 3841 malignus,
736 3757 852 3825 diaboli
864 3757 976 3840 spiritu
992 3757 1127 3841 afflatus,
1151 3760 1302 3846 singulari
1318 3767 1460 3854 consilio,

224 3865 309 3934 sicut
329 3864 441 3942 Iudas,
472 3863 632 3930 dominum
662 3881 754 3928 suum
783 3861 950 3928 occident:
984 3863 1089 3946 lapide
1112 3885 1132 3931 a
1154 3866 1269 3932 oollo³²
1291 3887 1458 3952 suspenso,

223 3969 311 4036 ierro
334 3985 466 4052 corpore
488 3969 696 4050 praecinctus,
721 3969 793 4034 exul
815 3969 988 4052 poeniteat.

269 4073 357 4140 VIII.
380 4073 429 4140 De
452 4072 607 4156 episcopis
630 4077 811 4158 ragusItano
834 4079 867 4140 et
890 4073 1097 4150 catharitano,
1128 4093 1260 4156 quorum
1290 4077 1457 4147 manifeste

222 4198 289 4246 una
311 4179 406 4245 sedes
429 4179 640 4262 dignoscitur:
664 4179 763 4260 ipsam
786 4179 937 4245 diocesim
966 4196 1068 4259 aequa
1095 4179 1185 4246 lance
1217 4183 1300 4248 inter
1322 4201 1357 4250 se
1380 4184 1458 4250 diui—

225 4285 306 4350 dant
327 4283 382 4367 ita,
405 4287 442 4347 ut
465 4283 491 4347 si
514 4301 595 4348 unus
618 4283 721 4348 dIctae
745 4284 896 4350 ecclesiae
912 4289 1022 4366 pastor
1038 4283 1160 4369 obierit,
1183 4284 1283 4351 donec
1298 4288 1462 4355 ordinetur

224 4388 403 4472 episcopus,
428 4386 607 4454 residuus³³
628 4388 792 4471 episcopus
808 4389 959 4455 ecclesiae
974 4389 1221 4454 ecclesiasticam
1236 4407 1343 4457 curum
1358 4403 1459 4476 gerat.

268 4493 325 4558 IX.
350 4491 398 4558 De
422 4492 542 4558 Licinio
574 4492 738 4576 episcopo:
769 4498 804 4557 ut
826 4492 859 4556 In
882 4493 1027 4578 ecclesia,
1058 4493 1090 4557 in
1120 4511 1184 4574 qua
1212 4495 1374 4563 ordinatus
1398 4503 1458 4574 est,

224 4603 392 4666 contentus
415 4605 609 4681 permaneat.
635 4596 775 4676 Quodsi
799 4598 901 4662 dictus
924 4598 1062 4663 Licinius
1091 4617 1149 4662 nec
1178 4599 1324 4680 legaliter
1344 4603 1375 4666 in
1400 4621 1458 4669 sua

223 4704 360 4771 ecclesia
370 4703 547 4787 perstiterit
557 4703 621 4788 (nt)
633 4703 756 4782 haeres,
774 4701 831 4768 sed
843 4707 879 4768 ut
890 4702 1061 4768 aueutitins
1076 4707 1110 4768 et
1124 4709 1292 4770 extraneus
1304 4708 1458 4774 accedens
