3494 5410
338 329 400 390 150

338 530 558 616 consumalno)
582 528 757 613 gl'imperii
773 535 807 596 et
821 530 832 593 i
847 529 938 610 regni
968 532 1132 594 sumentur
1154 547 1192 594 eo
1214 528 1318 610 modo,
1343 545 1405 610 quo
1422 525 1526 594 fumus
1540 528 1579 591 in

337 638 369 702 di
399 641 511 718 questo
534 634 654 720 {mondo
685 634 770 700 nella
802 635 893 718 guiso
921 653 940 697 a
969 651 1062 698 auras
1075 633 1252 711 euanescit3
1274 637 1306 701 et
1321 631 1406 714 quod
1421 631 1580 714 quidquid

336 747 435 824 punto
465 740 521 806 che
551 740 694 806 svanisce
717 739 739 805 il
761 738 847 805 furno
882 757 939 820 per
969 737 1008 804 ob
1040 755 1177 804 amorem
1210 737 1260 803 dci
1290 741 1455 821 erogatur,
1486 735 1519 802 id
1540 736 1580 800 in

337 847 451 925 l'aria3
476 865 493 911 e
516 844 573 910 che
597 843 713 925 quello,
739 843 796 908 che
819 843 847 908 si
870 861 942 909 con·
971 841 1082 909 melius
1104 847 1244 908 mutetur
1266 841 1390 907 dicente
1412 841 1579 922 apostolo:

337 951 414 1017 cede
436 969 494 1033 per
516 949 634 1014 l'nmor
658 948 688 1013 di
709 948 779 1030 Dio,
808 949 835 1013 si
858 953 938 1013 tras·
972 947 1163 1033 „seminatur
1178 947 1209 1010 in
1225 947 1437 1028 corruptione,
1461 951 1581 1030 surget

341 1055 468 1120 mutain
476 1053 600 1139 meglio,
610 1053 741 1119 dicendo
754 1051 774 1117 l'
782 1052 942 1135 apostolo:
972 1053 1004 1116 in
1045 1051 1297 1134 incorruptione3
1335 1051 1506 1118 seminatur
1540 1051 1582 1116 in

341 1160 393 1242 „si
415 1159 536 1226 semina
565 1160 597 1224 in
632 1158 819 1236 corrutione,
849 1174 943 1222 nasce
973 1156 1178 1238 ignobilitate,
1203 1161 1314 1238 surget
1329 1156 1361 1220 in
1383 1154 1501 1239 gloria3
1524 1173 1581 1221 se·

339 1283 398 1331 con
420 1264 651 1344 incorrutione;
674 1264 700 1328 si
724 1263 845 1328 semina
867 1260 939 1328 nell’
969 1261 1107 1326 minatur
1137 1279 1250 1342 corpus
1281 1259 1432 1340 animale,
1464 1265 1581 1343 surget

338 1369 511 1453 ignobilitt‚
543 1387 637 1434 nasce
660 1368 744 1433 nella
766 1368 884 1450 gloria3
915 1366 942 1432 si
972 1383 1085 1446 corpus
1099 1364 1262 1447 spirituale
1272 1362 1299 1442 3⁸
1314 1371 1346 1430 et
1355 1365 1477 1430 dicente
1490 1364 1583 1446 psal·

338 1475 459 1541 semina
470 1492 564 1555 corpo
582 1473 724 1550 arrimale
738 1491 832 1538 nasce
844 1490 939 1553 corpo
971 1472 1081 1535 mista:
1115 1469 1187 1556 „qni
1206 1471 1341 1536 seminat
1361 1469 1394 1534 in
1417 1468 1580 1550 lacrymis,

339 1575 538 1661 spirituale;“
558 1578 767 1644 etdicendoil
783 1577 937 1643 salmista:
967 1574 1126 1658 ingaudio
1139 1573 1265 1641 metet.“
1284 1574 1352 1652 Que
1365 1573 1491 1655 quidem
1506 1591 1580 1638 ma-

341 1682 410 1770 „chi
435 1684 556 1749 semina
571 1682 654 1748 nelle
669 1682 810 1767 logniae,
835 1700 941 1748 racco-
971 1697 1111 1761 gnopere
1134 1678 1339 1762 recogitanda
1363 1685 1398 1744 et
1420 1678 1503 1745 omni
1526 1679 1580 1744 in-

339 1788 402 1870 glie
425 1790 457 1852 in
475 1786 684 1870 allegrezzn“.
707 1785 753 1852 Le
776 1785 851 1868 qual
867 1803 939 1852 cose
969 1787 1061 1869 genio
1074 1786 1114 1851 ab
1130 1785 1318 1868 unoquoque
1334 1803 1392 1867 pro
1404 1785 1524 1852 uiribus
1541 1784 1581 1849 in

340 1910 416 1959 sono
446 1893 487 1957 da
516 1911 632 1972 pensar
661 1891 886 1974 grandemente
909 1897 942 1957 et
971 1892 1185 1958 executionem
1198 1889 1473 1956 mandandasuot
1491 1888 1582 1966 Qua·

341 2015 398 2062 con
422 1997 494 2078 ogni
519 1997 628 2078 spirito
641 1995 802 2061 mandarle
818 1996 858 2060 ad
875 2014 942 2062 ese·
973 2002 1103 2078 propter
1118 2014 1187 2078 ego,
1202 2014 1257 2061 rex
1272 2013 1370 2076 supra
1388 1994 1597 2073 nominatus.

339 2102 465 2168 cutione
495 2102 536 2165 da
571 2101 712 2166 cadauno
746 2100 883 2166 secondo
913 2100 943 2165 le
973 2100 1022 2165 his
1044 2100 1197 2182 impulsus
1211 2099 1361 2182 exemplis
1377 2099 1584 2165 othonorum

340 2205 504 2272 suesorze.
522 2205 941 2288 Parcioreprenominato,
973 2205 1021 2272 dei
1057 2224 1238 2286 seruorum,
1273 2203 1440 2288 presertim
1475 2204 1581 2269 nostri

340 2330 445 2377 masso
469 2310 638 2392 dequesti
667 2309 788 2391 esampi
811 2315 844 2374 et
866 2309 941 2374 inci·
974 2311 1098 2376 abbatis
1133 2312 1233 2375 sancti
1264 2308 1416 2392 Stephani
1451 2308 1582 2374 nomine

340 2415 426 2483 rato²
456 2414 540 2480 dalle
570 2413 755 2497 preghiere³
778 2413 828 2480 dei
849 2414 946 2480 buoni
976 2413 1145 2497 Theodori,
1169 2415 1314 2496 precihus
1341 2414 1506 2491 excitatus,
1521 2431 1585 2494 po·

343 2521 426 2586 servi
449 2519 480 2583 di
503 2520 574 2594 Dio,
598 2521 669 2583 anzi
691 2518 742 2584 del
768 2525 876 2592 nostro
892 2520 947 2585 ah·
978 2518 1094 2584 stolato
1117 2519 1184 2585 eius
1196 2518 1350 2585 assentire
1363 2518 1449 2584 uolui
1469 2519 1584 2598 itaque

342 2625 417 2690 hate
434 2624 464 2688 di
478 2642 503 2688 s.
518 2621 656 2702 Stefana,
674 2622 830 2688 chismate
844 2621 946 2689 Theo·
977 2623 1022 2688 illi
1056 2623 1175 2703 regium
1210 2627 1350 2689 nostrum
1384 2621 1583 2688 territorium

343 2729 430 2806 doro,
454 2727 494 2794 ho
512 2727 619 2793 voluto
636 2726 791 2794 sodisfare
807 2727 871 2792 alla
886 2747 943 2793 sua
977 2729 1071 2792 situm
1094 2728 1126 2792 in
1149 2728 1227 2810 loco,
1252 2728 1305 2808 qui
1327 2725 1479 2792 Rodunt*
1500 2725 1581 2791 dici-

343 2832 506 2899 dimanda:
541 2832 563 2896 li
594 2831 781 2898 concedemo
816 2833 943 2914 dunque
980 2837 1047 2910 tur,
1071 2837 1171 2898 totum
1203 2838 1298 2914 atque
1327 2833 1482 2913 integrum
1506 2849 1584 2898 con-

342 2938 366 3003 il
388 2937 548 3003 territorio
576 2942 684 3002 nostro
715 2937 822 3018 regale
852 2943 943 3019 posto
974 2937 1125 3002 cessimus
1137 2938 1177 3004 ob
1190 2956 1328 3004 umorem
1338 2937 1388 3002 dei
1401 2943 1434 3002 et
1446 2935 1584 3002 salutem

341 3044 373 3107 in
404 3042 494 3108 luoco
531 3040 620 3106 detto
649 3041 819 3121 Rodunn,⁴
859 3046 942 3107 tutto
973 3043 1076 3107 anime
1099 3048 1215 3120 nostre,
1240 3041 1334 3107 immo
1349 3042 1449 3124 patris
1464 3047 1498 3108 et
1511 3060 1581 3107 ma·

342 3145 416 3229 qual
438 3146 465 3211 si
487 3146 542 3226 sia,
572 3164 629 3227 per
644 3144 764 3211 l'amor
787 3144 818 3210 di
841 3145 901 3212 Dio
924 3165 943 3211 e
973 3147 1030 3212 tris
1045 3150 1164 3225 nostre,
1180 3148 1212 3210 in
1229 3146 1280 3213 die
1295 3145 1449 3212 tremendi
1460 3146 1584 3226 indicii,

342 3270 400 3333 per
422 3251 454 3314 la
476 3249 665 3316 liberatione
686 3249 873 3314 dell'onima
889 3269 943 3316 no·
978 3257 1131 3332 perpetuo
1153 3251 1242 3317 obeo
1265 3251 1453 3328 habendum,
1478 3252 1583 3332 possi-

344 3362 422 3433 stra,
446 3355 514 3419 anzi
539 3353 570 3418 di
593 3353 693 3419 nostri
721 3356 817 3434 parire
840 3375 858 3420 e
882 3374 946 3420 rna·
977 3356 1114 3421 dandum
1136 3362 1192 3421 aut
1213 3355 1465 3438 permutandum.
1497 3355 1584 3422 Illud

346 3460 412 3534 dre,
438 3458 489 3526 nel
504 3458 616 3541 giorno
633 3459 683 3524 del
702 3459 863 3524 tremendo
879 3460 947 3541 giu·
978 3479 1054 3526 uero
1095 3477 1157 3526 non
1200 3467 1251 3528 est
1284 3460 1583 3543 pretermittendum

342 3565 431 3640 ditio,
456 3565 497 3628 da
520 3583 611 3628 esser
627 3563 667 3628 da
683 3583 754 3628 esso
778 3572 946 3646 perpetua·
978 3565 1152 3647 quominus
1176 3567 1250 3632 licet
1271 3584 1333 3631 non
1358 3567 1425 3631 sinc
1443 3567 1584 3647 quodam

345 3674 452 3734 mente
475 3667 602 3746 lavoro,
626 3669 797 3749 posseduto
821 3674 854 3735 et
877 3687 946 3751 per·
978 3671 1101 3749 rubore,
1127 3670 1311 3750 adnotetur,
1343 3677 1378 3736 ut
1400 3690 1420 3735 a
1445 3673 1583 3752 posteris

344 3779 475 3838 mutato.
508 3773 535 3836 E
565 3772 671 3854 quello
703 3774 760 3838 che
783 3791 846 3838 non
868 3777 886 3837 e
910 3774 951 3839 da
980 3775 1043 3859 legi
1066 3776 1176 3858 possit,
1201 3776 1284 3858 quod
1307 3776 1427 3840 scilicet
1446 3777 1584 3842 necessi-

345 3875 536 3942 tlalasciarsi
549 3877 579 3942 di
593 3877 738 3954 scrivere,
755 3879 874 3944 benche
891 3897 950 3946 con
980 3885 1046 3945 tate
1069 3880 1204 3962 quadarn
1227 3880 1357 3946 adactus
1377 3887 1410 3945 et
1425 3881 1466 3946 ad
1482 3880 1583 3948 dictos

343 3981 477 4062 qualche
502 4000 645 4063 rossore,
669 3982 754 4048 accit
781 4001 874 4064 possa
899 3983 949 4049 dai
980 4003 1090 4050 seruos
1114 3983 1165 4051 dei
1187 3984 1292 4050 auxilii
1314 3985 1416 4068 gratia
1442 3985 1583 4070 coniugi-

342 4087 462 4167 posteri
474 4105 560 4152 esser
569 4087 654 4164 letto,
669 4090 686 4151 e
700 4087 757 4153 che
769 4092 942 4154 constretto
975 4107 1040 4168 ena,
1053 4089 1200 4172 pecierim
1207 4089 1246 4156 ab
1254 4089 1314 4156 illis
1323 4089 1438 4156 donum
1455 4091 1583 4174 aliquod

342 4191 384 4255 da
399 4189 535 4271 qualche
545 4193 702 4258 necessita
718 4197 750 4258 et
765 4209 889 4258 recorso
905 4191 946 4258 da
975 4197 1007 4259 in
1014 4194 1178 4260 servicium
1190 4201 1341 4276 nostrum,
1352 4194 1582 4280 quodipsiper·

343 4296 411 4361 loro
434 4314 492 4376 per
513 4295 642 4362 cusilio⁵
664 4295 697 4359 in
719 4302 829 4362 nostro
846 4298 943 4362 servi·
973 4318 1066 4381 quam
1081 4281 1215 4380 benique
1228 4301 1435 4382 prestiterunt
1448 4303 1581 4382 preben-

342 4401 386 4466 lio
410 4400 622 4467 domandatoli
651 4400 784 4482 qualche
808 4401 899 4482 dono,
923 4403 946 4467 il
973 4404 1013 4468 do
1023 4405 1189 4486 plusquam
1199 4404 1448 4471 centurnsolidos
1457 4422 1581 4485 aureos,
1704 4391 1711 4403 ¹

343 4503 582 4572 oheloromolto
600 4511 828 4572 cortesemcnte
840 4508 946 4572 adern-
977 4509 1022 4573 ita
1044 4516 1151 4574 temen
1167 4515 1202 4574 nt
1219 4508 1313 4592 digne
1326 4517 1579 4592 compensentur.

342 4609 453 4691 pirano
477 4627 535 4676 con
563 4617 653 4678 cento
677 4615 710 4676 et
731 4612 785 4694 piu
808 4612 888 4678 soldi
912 4613 942 4678 di
975 4611 1066 4691 Quod
1100 4632 1177 4679 uero
1210 4611 1371 4698 hucusque
1390 4616 1578 4700 ¹adimplere
