3572 5276
1358 440 1422 518 orn

178 631 252 713 snit,
276 649 314 700 cc
337 633 486 717 quicquid
517 635 558 703 de
587 638 681 705 beato
713 637 846 705 Domuio
876 639 995 707 musice
1025 641 1159 722 canitur,
1190 641 1321 710 metrico
1353 661 1422 711 acr-

183 755 276 803 mone
299 738 530 821 conscripsit¹⁰

221 841 390 908 Paridem
421 849 548 925 tempus
571 849 704 910 vacante
736 843 872 910 ecclesia
901 846 1094 930 traguriensi
1125 846 1246 913 electus
1280 853 1331 915 est
1354 850 1423 930 qui·

178 943 251 1010 dam
273 944 425 1030 loannes,
458 947 586 1013 natione
616 948 762 1026 Italicus3
787 954 820 1014 et
843 955 1066 1030 praesentatus
1088 949 1263 1016 Laurentio
1298 952 1421 1018 archie

176 1047 323 1130 piscopo‚
354 1067 470 1114 munus
501 1050 543 1116 ab
573 1069 611 1116 eo
642 1053 889 1117 consecrationis
921 1053 1053 1134 accepit.
1090 1047 1151 1119 Hic
1177 1071 1256 1134 praa
1286 1056 1420 1121 caeteris

178 1151 336 1234 episcopis
369 1153 454 1234 apud
488 1154 696 1220 Laurentium
733 1154 861 1222 maioris
903 1154 1082 1223 dilectionis
1120 1161 1155 1221 et
1192 1155 1417 1222 familiaritatis

176 1255 401 1338 praerogativa
438 1255 617 1340 gaudebat,
648 1259 724 1339 quia
759 1262 829 1323 erat
863 1257 911 1324 vir
944 1258 1107 1324 litteratus
1141 1263 1175 1324 et
1208 1260 1320 1326 bonus.
1354 1261 1418 1328 Pro

176 1377 286 1426 amore
308 1359 464 1440 siquidem
494 1360 642 1426 coelestis
673 1362 795 1442 patriae
826 1367 939 1427 cuncta
965 1363 1068 1428 carnis
1098 1362 1316 1428 blandimenta
1345 1381 1419 1430 con·

178 1469 324 1528 temnens
347 1463 554 1544 asperrimam
571 1463 667 1529 vitam
690 1463 837 1543 ducebat,
860 1469 894 1529 et
921 1465 1017 1546 (siout
1040 1467 1200 1549 asserunt)
1230 1465 1272 1531 ad
1295 1473 1418 1534 mutam

178 1566 332 1632 virtutum
355 1566 491 1648 gratiam
522 1567 669 1651 excrevit,
701 1573 737 1632 ut
767 1567 922 1648 quaedam
952 1568 985 1633 in
1015 1585 1053 1634 eo
1076 1569 1252 1636 sanctitatis
1283 1572 1419 1655 insignia

179 1671 355 1749 eniterent3
386 1670 472 1736 unde
501 1677 535 1737 et
558 1671 589 1734 in
619 1671 686 1736 uita
709 1677 743 1737 et
765 1677 838 1754 post
860 1675 995 1738 mortem
1018 1671 1050 1736 in
1081 1691 1195 1754 magna
1217 1675 1420 1744 veneratione

174 1773 304 1839 habitus
328 1779 377 1840 est
400 1792 418 1839 a
442 1773 562 1839 civibus
587 1773 662 1840 suis.
1183 1846 1188 1854 ,

219 1875 429 1958 Temporibus
460 1875 578 1942 domini
609 1876 775 1943 Laurentii
805 1875 1034 1963 archiepiscopi
1065 1878 1220 1960 quaedam
1251 1884 1418 1949 execrandi

176 1980 355 2047 schismatis
387 1979 449 2046 fuit
480 1979 613 2046 suborta
643 1982 802 2047 contentio
832 1982 865 2046 in
894 1980 1076 2048 Dalmatiae
1106 1987 1140 2048 et
1169 1978 1338 2050 Obroatias
1366 2005 1416 2052 re-

175 2102 237 2168 gno
251 2131 259 2147 ὁ
274 2135 280 2148 .
295 2083 335 2148 ‘rr

217 2186 363 2268 Denique
394 2186 444 2253 bis
474 2187 584 2254 taliter
606 2186 686 2253 actis
707 2187 749 2254 ad
780 2187 989 2254 Laurentium
1021 2185 1291 2270 archiepiscopum
1322 2191 1415 2256 rede·

174 2307 274 2356 amus.
300 2291 473 2358 Ordinatur
503 2295 563 2357 est¹
584 2291 617 2355 in
640 2291 717 2357 sede
744 2291 942 2357 salonitanae
972 2292 1107 2358 ecclesia
1137 2310 1220 2359 anno
1249 2293 1416 2362 millesimo

174 2395 382 2479 sexagesimo,
399 2394 511 2478 (sedit)
524 2395 720 2476 temporibus
735 2394 898 2461 Michaelis
913 2395 1124 2480 imperatoris,
1137 2414 1247 2478 regum
1259 2414 1334 2464 vero
1346 2397 1414 2465 Ste-

173 2497 280 2580 phani,
304 2495 466 2564 Oresimiri
496 2503 531 2565 et
573 2497 779 2582 Suinimiri,¹²
810 2499 864 2580 qui
885 2497 946 2564 fnit
966 2499 1097 2564 ultimus
1120 2518 1176 2564 rex
1197 2499 1415 2568 chroatorum.

217 2599 285 2669 iste
308 2602 498 2670 Laurentius
520 2601 604 2668 inter
626 2601 726 2668 multa
741 2601 804 2667 alia
819 2603 948 2684 pietatis
970 2621 1069 2684 opera
1090 2601 1167 2670 lecit
1188 2606 1415 2672 monasterium

173 2705 357 2771 monialium
388 2705 489 2772 sancti
510 2705 722 2784 Benedicti,¹³
750 2705 836 2786 quod
858 2707 935 2772 satis
958 2705 1158 2773 abundanter
1186 2709 1414 2789 temporalibus

173 2811 333 2892 preditum
356 2810 516 2888 subsidiis,
540 2809 740 2889 regularibus
761 2809 900 2875 instituit
921 2809 1106 2891 disciplinis,
1131 2827 1251 2891 ponens
1274 2811 1317 2876 ibi
1340 2813 1413 2878 roli-

173 2915 279 2997 glosas
301 2912 445 2992 feminea,
470 2931 553 2994 quae
583 2913 667 2979 iuste
689 2918 840 2994 casteque
862 2913 1008 2979 viventes
1031 2918 1142 2980 sancta
1172 2917 1412 2982 conversatione

173 3017 329 3085 deberent
350 3019 412 3084 deo
434 3025 467 3084 et
487 3016 666 3082 hominibus
689 3017 896 3097 complacere.

215 3121 274 3186 His
304 3120 501 3203 temporibus
531 3119 693 3186 celebrata
722 3119 782 3184 fuit
811 3119 950 3202 synodus
980 3119 1168 3187 incivitate
1197 3121 1328 3188 nonensi
1351 3123 1410 3190 sub

171 3225 296 3294 loanna
319 3223 481 3300 cardinali,
505 3223 698 3305 apostolicae
720 3223 806 3288 sedis
828 3222 937 3306 legato
950 3270 958 3289 .
972 3271 979 3286 .
993 3223 1035 3286 .¹⁴

215 3327 357 3395 Praefuit
378 3333 485 3394 autem
515 3327 707 3394 Laurentius
736 3327 934 3394 salonitanae
964 3327 1132 3409 metropoli
1167 3329 1257 3394 annis
1288 3329 1413 3398 circiter

171 3431 391 3513 quadraginta.

257 3555 391 3616 'l'hornae
420 3553 535 3617 archid.
567 3556 675 3632 spalat.
707 3554 809 3616 histor.
833 3555 926 3617 salon.
950 3573 976 3618 c.
1000 3555 1080 3635 XVI,
1104 3573 1132 3633 p.
1158 3557 1285 3618 sat—5
1309 3557 1355 3620 ed.
1379 3555 1411 3621 J.

214 3643 307 3705 Lucii.
897 3663 900 3668 ·

212 3795 402 3864 Laurentius
426 3796 511 3862 sedit
541 3795 631 3862 anuis
654 3817 704 3860 ιι..
736 3794 804 3861 Iste
834 3801 979 3877 tempore
1001 3815 1059 3863 suo
1083 3796 1159 3864 fecit
1181 3797 1409 3865 monasterium

169 3902 271 3966 sancti
293 3900 466 3980 Benedicti,
492 3907 526 3966 et
547 3899 623 3966 fecit
642 3899 834 3966 candelabra
857 3919 971 3983 magua
995 3907 1147 3984 argenteo
1169 3906 1202 3966 et
1224 3900 1325 3966 multa
1347 3902 1410 3967 alia

167 4005 259 4072 bone.
298 4003 387 4072 Obiit
414 4028 464 4070 nx
494 4004 545 4070 die
579 4021 688 4070 mense
725 4003 831 4082 Julio,
871 4003 1046 4070 tumulatus
1080 4003 1113 4069 in
1150 4004 1274 4086 capella
1310 4005 1412 4070 sancti

166 4107 321 4174 Matthaei
344 4110 377 4173 in
400 4107 521 4175 tumulo
543 4107 709 4190 superiori.

252 4232 412 4294 Memoriae
429 4231 603 4309 archiepisc.
620 4233 715 4294 salon.
731 4237 762 4293 et
776 4233 884 4309 spalat.
900 4232 948 4294 ed.
964 4233 992 4293 J.
1010 4232 1093 4292 Lucii
1111 4249 1140 4308 p.
1158 4234 1230 4295 386.

253 4371 410 4447 Inscriptio
434 4372 463 4430 iu
480 4361 584 4431 'antica
606 4375 692 4446 parte
717 4387 805 4431 arcae
827 4387 1028 4447 marmoreae,
1051 4371 1081 4430 iu
1097 4387 1156 4445 qna
1181 4369 1346 4447 dopositum
1362 4375 1408 4432 eat

213 4475 321 4534 corpus
335 4456 487 4517 Laurentii
503 4457 531 4516 in
547 4455 622 4516 aeda
639 4474 662 4516 s.
679 4456 823 4516 Matthaei
837 4473 932 4532 prope
947 4457 1101 4517 ecclesiam
1116 4473 1141 4517 a.
1158 4457 1293 4517 Domnii:

326 4575 388 4654 Qui
409 4574 478 4658 sim,
500 4575 581 4641 scire
605 4575 704 4653 venie,
727 4575 782 4656 qui
805 4575 917 4641 mortis
939 4574 1078 4656 stringor
1098 4574 1254 4641 habenis?

324 4661 439 4727 Pastor
460 4679 547 4726 eram
569 4663 673 4730 turbis
695 4662 797 4742 buius,
820 4661 1020 4740 Laurentius,
1043 4661 1141 4748 urhis,
