3548 5282
1368 410 1431 474 465

233 613 428 681 Raimrudus
450 632 527 682 uero
550 629 656 681 comes
686 613 929 682 Prouincialium
951 631 1022 680 eum
1054 612 1169 682 Gothis
1203 617 1237 680 et
1259 612 1431 681 Guasconi·

188 717 256 799 bus,
289 719 458 804 episcopus
491 736 617 802 quoque
648 718 813 786 Podieneis
844 717 1000 804 Aymarus
1024 737 1082 801 per
1109 716 1304 784 Dalmatiam
1325 723 1432 786 trans·

188 819 304 890 ierunt.

274 947 424 1010 Pulcherii
451 947 642 1010 Camotensis
668 947 790 1009 historia
816 947 1078 1026 hierosolymitana
1104 965 1130 1008 c.
1154 947 1205 1010 Vl.
1229 949 1352 1009 Recneil
1380 947 1433 1009 des

231 1035 399 1096 Historiens
422 1035 460 1098 de
484 1035 659 1097 Groiaadas:
684 1035 852 1096 Historiens
875 1036 1071 1097 occidentaux
1089 1035 1110 1096 t‘.
1127 1036 1182 1114 111,
1200 1052 1229 1113 p.
1247 1037 1320 1096 327.
1346 1035 1433 1095 Paris

234 1124 520 1286 ngdhfflffipfione
544 1208 601 1270 hac
623 1207 794 1288 deducitur,
818 1209 978 1270 exercitum
999 1208 1195 1269 cruciatorum
1217 1208 1318 1268 iniisse
1341 1208 1429 1288 viam,

231 1312 309 1370 quae
324 1314 344 1356 a
358 1295 540 1371 temporibus
559 1296 758 1356 Romanorum
780 1313 818 1355 ex
841 1295 929 1356 istria
943 1295 1071 1356 ducebat
1093 1294 1132 1355 ad
1148 1291 1344 1372 Tarsaticam‚
1362 1294 1430 1354 dein

230 1381 359 1463 Seniam,
376 1399 414 1442 ex
428 1382 497 1443 inde
512 1399 583 1442 vero
602 1381 790 1442 interioribus
805 1398 859 1457 per
873 1381 1004 1442 Burnum
1021 1363 1171 1461 (Supljaja
1186 1379 1293 1462 crlrva)
1309 1384 1340 1441 et
1357 1381 1428 1441 Pro-

229 1487 346 1528 monam
369 1467 408 1528 ad
432 1467 580 1541 Salonam,
604 1472 665 1528 tum
682 1486 699 1529 a
715 1468 813 1528 littore
830 1468 982 1544 paulisper
997 1466 1164 1528 recedendo
1180 1484 1235 1544 per
1249 1466 1385 1543 Aequum
1402 1470 1432 1527 et

228 1554 381 1640 Naronem
396 1571 491 1632 usquc
506 1554 544 1615 ad
560 1553 712 1633 Scodram,
729 1553 829 1615 sedem
847 1555 928 1630 regis
943 1553 1059 1616 Bodini.

185 1898 281 1962 aruc.
794 1816 824 1876 2'

183 2033 350 2103 &araim
372 2035 502 2102 ducibus
537 2035 705 2120 Watttero,
737 2034 829 2102 Patro
859 2036 987 2101 ercrnito
1018 2043 1046 2100 ct
1079 2035 1257 2119 Godofra'do
1287 2033 1427 2102 Bouilla-

287 2141 377 2206 nensi
396 2160 454 2226 per
476 2139 680 2226 Hesperium
701 2147 730 2206 ct
752 2139 903 2207 Sirmium
924 2142 1046 2205 intrant
1068 2142 1103 2204 iro
1125 2139 1322 2225 Belpariom.

227 2276 318 2346 Auno
349 2279 526 2346 dominicae
556 2278 782 2346 incarnationis
812 2277 981 2344 millesimo
1004 2279 1210 2362 nonagesimo
1233 2277 1356 2363 quinto,
1380 2278 1426 2343 iu-

183 2381 321 2464 dictione
343 2389 457 2465 quarm
470 2433 478 2449 .
492 2431 521 2449 ..
546 2387 661 2451 octauo
684 2381 736 2448 die
756 2381 875 2449 mensis
897 2381 1004 2448 Martii
1020 2381 1192 2463 walterus,
1216 2389 1426 2465 cognomento

181 2484 413 2566 Senzanchor‚⁸
433 2487 524 2554 miles
547 2488 705 2572 egregins,
736 2504 808 2553 cum
832 2504 949 2570 magna
974 2486 1127 2554 societate
1155 2487 1426 2569 Francigenamm

182 2590 337 2674 peditum,
371 2591 571 2659 solummodo
600 2595 673 2659 octo
706 2591 827 2658 babens
851 2591 986 2673 equites,
1020 2609 1059 2672 ex
1082 2590 1297 2656 admonitione
1331 2607 1426 2672 prae·

180 2693 258 2761 dicti
280 2694 366 2763 Petri
390 2696 541 2764 eremitae
564 2696 596 2761 in
618 2695 708 2762 initio
731 2697 807 2762 uiae
829 2695 1128 2776 hierosolymitanae
1144 2693 1278 2759 intrauit
1292 2711 1425 2777 regnum

180 2795 355 2882 Ungariae.
387 2798 449 2866 Ubi
481 2799 608 2881 cognita
629 2800 749 2866 uirtute
770 2806 804 2866 et
833 2799 942 2865 andita
964 2798 1060 2865 animi
1081 2796 1166 2864 illius
1188 2797 1366 2863 intentione
1390 2801 1424 2863 et

181 2919 280 2970 causa
312 2910 479 2987 asumptae
511 2905 583 2970 uiae
617 2923 636 2969 a
669 2903 795 2970 domino
830 2901 1018 2983 Kalcmano‚
1053 2920 1129 2985 rege
1164 2900 1425 2968 christianissimo

180 3006 393 3089 Ungarorum
424 3006 560 3090 benigne
582 3011 747 3089 susceptus
770 3011 835 3088 est;
868 3012 901 3074 et
924 3025 1092 3073 concessus
1123 3010 1175 3072 est
1196 3005 1255 3072 sibi
1290 3003 1423 3087 pacifice

179 3111 335 3178 transitus
358 3130 416 3194 per
438 3111 621 3182 uniuersam
643 3118 764 3177 terram
793 3111 883 3194 regni
906 3112 954 3178 sui
977 3115 1009 3178 et
1031 3109 1159 3176 emendi
1192 3107 1330 3175 licentia.
1363 3105 1425 3172 Hic

178 3216 289 3298 itaque
311 3215 381 3283 sine
404 3214 579 3284 offensione
602 3219 635 3283 et
657 3215 764 3298 aliquo
788 3213 924 3282 aduerso
939 3215 1068 3280 incursu
1083 3230 1185 3295 usque
1208 3212 1249 3278 ad
1270 3210 1422 3294 Belcgra·

179 3319 282 3401 uam,⁷
303 3319 464 3387 ciuitatem
487 3318 708 3404 Balgarorum
732 3318 895 3402 proiectus
918 3322 976 3398 est,
1011 3319 1170 3384 transiens
1202 3315 1426 3397 Maleuillam,⁸

178 3425 234 3491 nbi
258 3425 471 3490 terminantur
492 3422 572 3490 fines
596 3425 684 3506 regni
708 3421 920 3504 Ungarorum.
946 3422 1017 3488 Illic
1039 3419 1171 3506 pacifice
1200 3419 1331 3486 fluuium
1354 3420 1420 3486 Ma·

178 3527 254 3595 rod⁹
275 3529 404 3612 nauigio
427 3527 561 3596 traiecit.
594 3527 659 3594 Sed
687 3528 720 3592 in
750 3528 863 3594 eodem
894 3526 966 3594 loco
996 3525 1179 3593 Malenillae
1208 3524 1348 3593 sedecim
1382 3524 1423 3591 de

178 3633 332 3699 comitatu
354 3633 439 3700 illiue
461 3632 613 3698 remorati
635 3636 718 3710 sunt,
742 3637 778 3697 ut
801 3636 945 3699 emerent
966 3649 1063 3711 arma
1087 3631 1256 3713 ignorante
1270 3627 1424 3712 Waltero,

177 3737 233 3819 qui
261 3736 325 3802 iam
357 3735 412 3802 diu
445 3733 575 3803 fluuium
607 3736 787 3802 transierat.
822 3734 945 3818 Ungari
978 3753 1056 3803 uero
1091 3734 1220 3817 quidam
1246 3751 1420 3816 peruerse-e

176 3841 302 3924 mentia,
326 3840 471 3908 uidentes
494 3839 605 3922 procul
625 3837 759 3906 Walteri
786 3839 965 3906 absentiam
998 3844 1032 3906 et
1052 3839 1138 3906 illius
1162 3838 1330 3914 exercitus,
1355 3855 1422 3904 ma-

176 3963 239 4012 nus
269 3943 407 4012 sedecim
436 3943 499 4010 illis
529 3945 717 4028 iniecerunt,
749 3960 830 4025 quos
852 3943 964 4022 armis,
995 3943 1156 4025 uestibus,
1192 3961 1271 4010 auro
1303 3945 1336 4007 et
1370 3959 1420 4006 ar-

176 4054 275 4133 ganto
313 4049 549 4132 spoliauerunt,
589 4053 623 4114 et
653 4047 699 4114 sic
728 4047 805 4113 nudi
844 4053 877 4114 et
909 4047 1003 4112 uacui
1033 4049 1121 4114 abire
1157 4045 1303 4132 permissi
1338 4049 1424 4110 sunt.

175 4153 219 4219 Hi
257 4170 336 4220 nero
375 4153 536 4233 dolentes,
575 4151 672 4218 rebus
711 4156 745 4217 et
779 4151 875 4218 armis
913 4151 1022 4236 uacui,
1055 4169 1158 4234 usque
1196 4150 1237 4219 ad
1277 4148 1424 4232 praedic·

176 4263 245 4325 tam
267 4258 490 4344 Belegrauam,
515 4274 578 4339 qno
600 4254 761 4323 Walterus
785 4257 963 4323 cumomni
986 4273 1082 4323 manu
1112 4275 1170 4322 sna
1192 4259 1282 4323 extra
1307 4270 1417 4320 muros

177 4363 220 4431 ad
242 4362 468 4446 hospitandum
489 4362 628 4430 tentoria
649 4364 809 4442 posuerat
833 4361 897 4428 iter
935 4361 1216 4439 accelerauerunt‚
1247 4375 1340 4427 omne
1374 4356 1422 4422 in·

175 4465 367 4549 fortunium,
405 4465 491 4550 quod
531 4467 578 4534 eis
620 4465 795 4551 acciderat,
837 4464 899 4532 sibi
938 4462 1122 4532 relerentes.
1161 4462 1225 4530 Sed
1257 4462 1419 4528 Walterus

178 4590 281 4656 aequo
312 4572 425 4653 animo,
451 4571 526 4653 quia
546 4569 670 4637 reditus
693 4568 734 4636 ad
756 4567 928 4636 uindictam
962 4567 1072 4635 taedio
1094 4572 1175 4650 erat,
1199 4565 1321 4648 accepit
1334 4612 1363 4630 ..
1380 4563 1422 4629 .¹⁰

182 4677 264 4746 Post
285 4677 367 4745 hanc
389 4675 601 4745 calamitatem
624 4680 658 4741 et
678 4672 875 4742 attritionem
905 4689 1035 4742 suornm
1068 4673 1126 4756 (sc.
1149 4672 1192 4739 ad
1213 4666 1420 4755 Belgradum)

1276 4778 1319 4840 30
