3494 5410
1334 377 1374 437 93

138 587 174 648 et
196 583 345 666 eumenid
374 582 476 650 nostri
505 582 582 648 iuris
609 581 741 663 reperiri
772 579 831 646 sed
852 597 925 646 cum
946 579 1094 662 reprobis
1109 577 1377 647 condemnationis

134 693 245 770 potest
267 689 299 753 in
314 688 448 753 Breuieo
463 689 496 752 in
511 687 635 753 abbatis
651 686 738 752 Petri
769 684 879 750 audire
896 689 1063 752 mereatur.
1099 682 1214 749 Actum
1229 683 1288 767 (in)
1302 683 1377 748 ciui·

135 792 302 874 presencia
338 791 536 874 fratrumque
570 791 637 857 eius
670 790 739 854 iure
769 793 836 856 tate
870 787 960 854 Nona
993 789 1026 852 in
1058 789 1218 870 presentie
1259 785 1378 870 prelati

137 903 293 978 perpetue
323 895 478 962 tradimus
504 895 737 978 possidendum.
771 895 873 978 regis:
902 892 1050 958 Drusinic
1076 892 1138 958 ded
1169 893 1279 972 nestit,
1305 891 1375 958 Pri-

138 999 173 1066 Si
195 1001 266 1082 quis
289 1005 394 1068 antem
416 1007 558 1066 nostrum
578 1004 652 1082 pest
674 998 742 1064 obi·
771 997 904 1080 bidrage
927 997 1081 1080 pestelnic
1101 999 1200 1080 testis,
1224 997 1376 1080 Drepana

136 1109 206 1172 tum
227 1105 289 1172 hoc
310 1105 427 1172 donum
448 1105 577 1187 pietatis
596 1102 740 1169 auferet
770 1103 928 1169 seuerius
967 1103 1052 1184 regis
1081 1102 1186 1182 testis,
1222 1101 1375 1167 Ademize

137 1208 224 1274 dicte
253 1209 386 1290 cenobIo
417 1209 624 1291 temptauerit
648 1207 741 1289 parui
770 1207 904 1289 iupanus
920 1207 1022 1285 testie,
1044 1206 1165 1276 Desine
1179 1208 1282 1286 testis
1298 1206 1376 1271 Pre-

137 1313 741 1397 pendensnestroueteiramemnipe-
772 1311 874 1377 danus
907 1311 1041 1393 iupanns
1072 1311 1171 1378 testis.
1209 1311 1290 1376 Item
1323 1310 1378 1375 elii

138 1418 236 1484 tentis
252 1418 304 1485 dei
319 1419 475 1496 incurrat3
499 1423 533 1484 et
548 1436 619 1484 cum
635 1436 745 1501 supre-
773 1393 876 1482 testes
899 1415 988 1481 latini
1019 1435 1059 1482 ex
1088 1416 1217 1482 eirritate
1238 1414 1377 1482 dedere:

138 1541 211 1588 mus
228 1522 313 1588 idem
336 1522 431 1588 iudex
452 1523 603 1588 mundum
626 1522 744 1588 iudica-
773 1519 900 1604 Dregus
912 1521 1000 1604 prior
1012 1519 1115 1600 testie,
1132 1519 1276 1586 And1ees
1292 1520 1378 1602 prior

138 1632 231 1694 turus
254 1628 429 1706 aduenerit,
452 1645 515 1694 non
538 1646 608 1693 eum
631 1627 741 1694 electis
771 1625 872 1706 testis,
905 1625 1010 1692 Maius
1042 1627 1137 1692 iudex
1166 1626 1267 1705 testis,
1299 1625 1375 1704 Pre·
1469 1626 1472 1635 “

138 1733 182 1798 ad
204 1733 372 1801 dexteram
386 1733 525 1816 possitus
541 1749 651 1801 uocem
667 1733 743 1798 bee-
773 1731 889 1797 stantio
905 1730 998 1798 Dede
1012 1731 1114 1814 testis,
1130 1731 1246 1796 Petrus
1258 1747 1378 1796 comer·

138 1837 285 1904 titudinis
313 1839 370 1905 sed
398 1857 468 1905 cum
496 1837 641 1921 reprobis
670 1854 743 1903 eon·
773 1835 877 1902 nauus
900 1836 1001 1916 testie,
1027 1833 1188 1901 Candidus
1203 1837 1304 1920 testis,
1321 1834 1378 1899 Ni-

139 1941 406 2025 demptualcionis
434 1944 543 2010 audire
572 1946 740 2008 mereatur.
772 1940 909 2008 ehilorus
932 1941 1032 2007 testis.

138 2044 256 2111 Actum
270 2047 304 2111 in
315 2047 444 2114 elmete
459 2046 552 2114 Nona
566 2047 599 2111 in
614 2064 743 2130 presan·
816 2046 886 2128 Ego
908 2043 1011 2110 Adam
1034 2063 1053 2110 a
1074 2044 1225 2126 predictis
1241 2045 1375 2110 donato·

139 2151 190 2216 eia
210 2149 327 2233 prelati
349 2151 449 2235 regis:
483 2151 642 2218 Druznik⁹
672 2151 743 2232 ded,
774 2151 861 2216 ribus
884 2155 1014 2234 regatus
1046 2169 1140 2215 manu
1162 2167 1233 2216 mee
1255 2151 1376 2233 scripsi.

137 2255 484 2339 Prlbidrugposteluilr,
496 2255 746 2341 Dragene²⁰sci

140 2360 323 2444 contegis,
347 2362 478 2428 Adamiz
500 2364 666 2446 iuppanus,
693 2360 834 2428 Desinne
848 2361 1013 2442 luppanus
1030 2359 1195 2425 Predeuus
1210 2359 1375 2442 iuppanus.

137 2466 224 2532 Item
246 2471 347 2534 testes
368 2467 474 2534 latini:
498 2467 605 2551 Drego
628 2467 724 2549 prier,
744 2464 888 2532 Andreas
910 2465 1013 2547 prior,
1041 2463 1143 2530 Maius
1166 2464 1269 2546 index,
1293 2464 1375 2531 Can·
1438 2477 1442 2486 ’

139 2570 244 2651 dIdus,
268 2571 450 2655 Nikyierus
473 2574 587 2640 Petrus
609 2572 818 2639 comerzerius
841 2575 875 2636 et
896 2570 1098 2636 Prestanoins
1120 2568 1220 2636 freter
1243 2569 1319 2637 eius.

182 2693 253 2778 Ego
276 2693 377 2761 Adam
400 2699 529 2779 rogetus
552 2715 572 2761 a
593 2695 744 2779 predictis
767 2691 972 2759 donatoribus
994 2681 1127 2776 scripsi'

226 2837 441 2916 Apegraphum
457 2843 542 2900 vetus
557 2839 745 2900 membranae
760 2857 788 2899 e.
804 2838 859 2900 litt.
876 2838 993 2915 longob.
1010 2839 1040 2897 in
1055 2835 1175 2897 archivo
1190 2855 1215 2898 c.
1228 2855 1251 2900 r.
1269 2838 1373 2900 locum.

184 2927 298 2986 censdii
312 2925 455 2986 Jaderae:
479 2931 594 2986 cassata
609 2925 708 2988 XVIII
729 2945 775 2986 nr.
791 2927 864 2986 445.
888 2925 969 2984 inidio
984 2924 1102 3000 quidem
1117 2941 1195 2986 saec.
1211 2925 1277 3004 llll,
1301 2927 1375 2986 utie

184 3013 363 3086 condonata,
379 3013 541 3089 eademqne
554 3031 642 3074 mann
658 3019 779 3074 exarata
795 3014 941 3090 scriptura
956 3013 1065 3090 elucet,
1086 3012 1168 3071 euius
1183 3015 1303 3090 textum,
1320 3031 1374 3090 pro

182 3101 522 3176 rediplematIeanoetra
530 3102 628 3177 magui
644 3101 791 3178 penderis,
806 3100 890 3161 hieee
905 3099 1092 3161 adducimus:
1113 3098 1244 3176 „Dehine
1260 3101 1376 3160 elaben-

182 3188 404 3264 tibusplnribus
414 3188 508 3266 annis,
520 3189 700 3264 temporibus
710 3188 848 3248 uidelicet
859 3187 938 3264 apud
949 3205 1003 3247 nes
1011 3187 1119 3248 demini
1128 3185 1375 3267 Colmanniregis,

181 3275 303 3352 quidem
325 3275 457 3352 peruersi
479 3279 601 3350 nepotes
624 3277 702 3334 nirre
723 3277 944 3335 substraxerant
960 3275 1074 3350 aliquos
1090 3275 1238 3350 agellulos
1254 3275 1291 3334 de
1307 3293 1373 3352 pre-

182 3363 263 3423 dicta
276 3363 461 3438 possessione
476 3360 664 3422 falsificantes
679 3367 789 3422 cartam
805 3363 898 3422 istam.
916 3361 1002 3436 Quod
1017 3361 1230 3438 prospieientes
1244 3379 1298 3422 nes
1314 3361 1372 3422 ira-

181 3455 245 3510 tres
260 3450 318 3508 iem
333 3449 404 3508 dicti
419 3449 532 3508 cenobii
546 3467 597 3510 eoa
613 3453 691 3509 stare
706 3448 827 3508 fecimus
842 3448 880 3508 ad
895 3449 1032 3510 iudicium
1049 3449 1226 3525 episcopale.
1243 3449 1282 3508 Et
1297 3449 1373 3509 datis

182 3535 328 3596 iudicibus
350 3535 550 3596 iudicauerunt
572 3537 655 3596 nobis
677 3537 770 3596 tribus
792 3535 942 3596 monacbis
968 3536 1091 3596 Iurando
1117 3535 1235 3596 firmare
1261 3541 1373 3596 certam

183 3623 286 3702 istem3
309 3627 339 3683 et
353 3623 403 3682 alii
417 3627 477 3682 tres
492 3624 623 3684 similiter
637 3625 767 3682 iurarent
781 3622 818 3682 de
833 3623 988 3698 nepotibus
1004 3623 1136 3700 illorum,
1160 3625 1210 3699 qui
1225 3623 1305 3684 illem
1322 3623 1373 3683 de·

182 3715 291 3770 nuent
306 3710 390 3770 nobis
404 3711 627 3786 possessionem.
644 3710 729 3784 Quod
745 3713 774 3770 et
788 3709 897 3769 iactum
912 3713 966 3768 est.
983 3711 1017 3769 Iu
1032 3711 1133 3787 primis
1148 3711 1226 3771 iurat
1241 3709 1374 3770 deminus

182 3799 304 3858 Debrus
318 3814 412 3873 nuper
426 3796 534 3875 abbas,
561 3798 665 3858 deinde
681 3797 826 3873 Georgius
841 3797 986 3872 presbiter
1001 3801 1031 3857 at
1045 3795 1194 3858 (launulne
1209 3798 1373 3876 presbiter3

184 3885 253 3944 item
270 3885 307 3945 de
321 3883 479 3943 heredibus
494 3886 625 3963 illorum,
650 3886 699 3960 qni
714 3885 799 3944 nobis
813 3883 869 3943 hoe
883 3883 1010 3960 benigne
1025 3888 1162 3962 egerant,
1185 3885 1263 3945 ierat
1276 3884 1375 3944 Rade·

185 3973 266 4032 alans
281 3972 359 4032 filius
372 3971 452 4030 Petri
467 3970 598 4050 iuppani‚
614 3971 734 4033 Saruciu
750 3969 826 4030 filius
837 3969 944 4030 Slenizi
956 3971 1076 4048 inppani
1088 3973 1218 4032 similiter
1230 3976 1260 4031 at
1271 3970 1375 4032 Olimin

184 4059 262 4119 lilius
289 4059 421 4135 Desinne
448 4057 569 4136 iuppeni
595 4060 734 4119 similIter.
761 4058 881 4117 Judieee
907 4061 1004 4118 autem
1027 4059 1057 4118 hi
1079 4063 1139 4119 tres
1153 4059 1270 4120 fuerunt
1283 4102 1374 4120 .....

183 4147 264 4223 regis
278 4146 384 4223 iudex,
412 4145 568 4206 IIIroslans
589 4146 739 4223 psaeensis
760 4161 858 4205 eomes
881 4150 911 4204 et
926 4145 1058 4205 Desinna
1072 4150 1172 4206 nester
1186 4147 1283 4206 index.
1311 4147 1375 4206 IIeo

183 4235 284 4309 itaque
299 4233 437 4291 iudicium
452 4229 560 4294 fectum
574 4237 619 4292 est
633 4235 663 4294 in
679 4231 833 4309 qnadriqu
848 4232 975 4309 meiere,
1004 4236 1216 4292 sacramentum
1232 4237 1329 4293 antem
1345 4233 1375 4291 in

183 4325 284 4380 nestro
307 4320 435 4395 capitulo
464 4321 563 4396 palam
584 4319 629 4379 his
644 4321 782 4380 testibus:
809 4319 904 4379 Maius
920 4319 1158 4397 archidiaconus,
1185 4321 1290 4380 Uitann
1305 4320 1373 4379 olim

184 4408 282 4484 prior,
304 4407 443 4466 'Irnnean
457 4407 562 4484 iudex,
585 4407 700 4468 Uileina
714 4405 821 4484 iudex,
842 4405 938 4465 Maius
954 4422 1105 4484 pneanna‚
1122 4407 1215 4466 Maius
1230 4407 1373 4483 tribunus,

184 4495 309 4554 Zaniaus
324 4493 474 4572 tribunus,
498 4493 659 4570 Gregorius
673 4493 823 4571 tribunus,
840 4493 995 4552 Formione
1010 4494 1159 4571 tribunus,
1176 4493 1311 4554 Uileinna
1327 4511 1374 4552 ee·

184 4581 354 4641 mercerius.
371 4579 417 4640 Ex
432 4579 527 4640 Slauis
542 4585 648 4640 testes:
675 4586 693 4650 †
708 4576 850 4642 SlanInna.
874 4580 1081 4650 †Radeslnua.
1105 4585 1123 4654 †
1138 4579 1269 4642 Saraein.
1292 4581 1374 4654 †Ja·

187 4665 312 4746 ee(n)ne.
329 4673 348 4738 †
363 4665 527 4729 Gerendus.
544 4672 562 4738 †
575 4666 612 4728 A.
629 4666 698 4738 †A.
714 4673 732 4739 †
747 4665 779 4728 O.
796 4665 866 4738 †G.
883 4667 1067 4738 †Pribinna.
