3572 5276
873 667 1001 740 208.

320 824 526 888 Oioraotoram
555 842 623 887 oum
654 821 830 907 Hispaniae
860 821 1027 888 Saracenis
1061 821 1193 887 dim-idio
1222 841 1299 886 saec.
1331 817 1370 884 X
1395 819 1557 884 relationis

858 946 1015 990 montona.

360 1065 506 1148 Epistola
529 1065 619 1131 rabbi
643 1064 781 1143 Hasdei,
806 1063 861 1129 filii
884 1064 987 1130 Isaaei
1003 1115 1034 1131 ..
1060 1065 1101 1130 ad
1117 1062 1331 1130 Chasarorum
1355 1081 1463 1145 regem
1487 1061 1556 1148 (Jo-

317 1171 475 1253 sephum).
500 1167 527 1232 A
549 1187 609 1247 me,
633 1167 768 1253 Hasdai,
793 1167 858 1233 filio
881 1169 993 1240 Issaei,
1024 1166 1079 1233 filii
1102 1167 1241 1249 Esdrae,
1273 1188 1311 1233 ex
1341 1166 1558 1249 hierosolymi-

318 1275 402 1341 tanis
426 1274 571 1340 exulibus
595 1275 627 1338 in
650 1272 853 1356 Hispania..
877 1271 995 1338 Notum
1019 1273 1061 1338 sit
1083 1274 1167 1356 regi,
1202 1273 1328 1338 domino
1351 1291 1439 1354 meo,
1473 1269 1559 1352 quod

318 1379 491 1457 benaein
514 1395 578 1458 qua
601 1375 792 1454 habitamus,
817 1395 931 1442 namen
955 1377 997 1440 sit
1019 1376 1106 1443 hebr.
1131 1374 1282 1452 Seiarad,
1307 1375 1459 1440 idiomate
1483 1393 1557 1441 veru

317 1482 578 1559 Ismaelitarum,
610 1479 784 1546 incolarum
814 1487 937 1560 terrae,
969 1479 1199 1557 Al-Andalus²;
1230 1498 1345 1546 nomen
1376 1479 1558 1560 metropolis

319 1585 483 1652 Kurtuba⁸
500 1636 505 1648 .
525 1633 556 1648 ..
580 1583 697 1650 Netum
722 1602 848 1665 quoque
872 1583 954 1649 iacie
979 1585 1054 1664 regi,
1079 1583 1205 1649 domnus
1229 1602 1310 1661 meo,
1334 1583 1420 1665 quod
1444 1601 1559 1648 nomen

319 1691 404 1770 regis
426 1689 513 1771 apud
537 1706 595 1754 uos
617 1689 781 1769 regnantis
811 1689 852 1753 sit
874 1686 1170 1752 Abd-al-Rahman⁴
1192 1689 1254 1753 ben
1283 1687 1485 1752 Muhammed
1500 1735 1507 1749 .
1524 1733 1558 1749 ..

319 1793 470 1858 Extensio
493 1791 680 1874 Hispaniae,
704 1799 811 1856 terrae
833 1790 1132 1870 Abd-al-Rahmaui‚
1157 1793 1247 1857 emiri
1270 1791 1479 1868 al-Muminin,
1510 1795 1561 1857 est

323 1903 361 1962 16
384 1897 539 1980 graduum
563 1897 630 1960 sive
656 1900 750 1960 1.100
775 1895 953 1960 miliarium.
978 1895 1079 1961 Terra
1093 1894 1174 1961 haec
1197 1894 1311 1961 fertilis
1335 1901 1394 1974 est,
1419 1895 1560 1961 abundat

319 1999 440 2086 fluviis,
478 1999 722 2080 scaturiginibus
757 2005 791 2062 et
824 1999 1007 2078 canalibus;
1046 2007 1095 2066 est
1129 2007 1217 2064 terra
1250 1999 1394 2082 frugum,
1431 1999 1493 2064 uini
1527 2004 1560 2064 et

321 2103 400 2170 01θὶὓ
417 2154 423 2169 .
441 2151 448 2166 .
466 2150 498 2167 ..
531 2103 727 2170 Mercatores
757 2101 894 2168 omnium
927 2103 1089 2184 regionum
1114 2109 1147 2168 et
1169 2111 1361 2169 remotarum
1383 2103 1559 2168 insularum

320 2208 405 2291 apud
429 2226 487 2273 nos
510 2205 717 2273 conveniunt⁶
733 2253 765 2270 ..
794 2207 862 2272 Rex
885 2213 995 2272 noster
1018 2215 1193 2289 congregat
1215 2207 1384 2272 thesauros
1407 2209 1485 2290 auri,
1509 2226 1559 2271 ar·

321 2312 409 2394 genti
443 2316 477 2377 et
505 2329 612 2376 rerum
642 2311 749 2393 magni
779 2311 891 2392 pretii,
926 2311 1082 2378 exereitus
1117 2329 1243 2393 queque
1273 2311 1341 2376 eius
1371 2313 1471 2376 maior
1500 2317 1559 2390 est,

322 2433 417 2498 quam
441 2416 500 2480 sub
523 2413 826 2496 praedecessoribus
849 2415 917 2481 eius
939 2433 1077 2496 unquam
1102 2413 1208 2480 iuerat
1224 2467 1230 2480 .
1249 2465 1282 2480 ..
1315 2415 1420 2495 Reges
1445 2421 1576 2493 terrae,

321 2519 432 2585 audita
465 2518 683 2600 magnitudine
706 2524 740 2582 et
763 2519 907 2600 petentia
931 2518 1016 2601 regis
1038 2519 1157 2598 nostri,
1188 2516 1337 2584 adierunt
1358 2518 1405 2582 illi
1428 2537 1561 2585 munera

322 2627 355 2688 et
376 2621 518 2704 pretiosa
541 2622 624 2688 dena
647 2639 738 2686 suam
761 2620 822 2704 ipsi
845 2624 1090 2704 propensionem
1115 2622 1302 2688 exhibituri:
1325 2623 1372 2688 ita
1389 2641 1446 2687 rex
1460 2622 1560 2690 Aske-

321 2726 418 2810 uazi⁷‚
442 2746 498 2792 rex
520 2725 667 2792 Gebalim
691 2727 711 2789 i.
735 2745 763 2790 e.
788 2723 1055 2806 al·Sahlaborum,
1080 2745 1135 2791 rex
1154 2725 1419 2793 Constantiniae⁸.
1444 2727 1558 2793 Manus

321 2849 413 2896 meae
442 2829 599 2911 recipiunt
627 2830 708 2894 haee
737 2848 870 2894 munera
893 2836 927 2895 et
949 2831 1088 2896 reddunt
1109 2830 1246 2896 uicissim
1274 2829 1359 2898 dona
1374 2879 1407 2896 ..
1443 2832 1561 2898 Omnes

322 2935 454 3001 nuneios
482 2934 573 3011 istos,
606 2930 788 2999 adferentes
819 2933 920 3012 dena,
951 2935 1146 3016 interrogavi
1174 2935 1324 3001 continuo
1347 2935 1387 3000 de
1411 2934 1562 3001 iratribus

322 3039 439 3106 nestris
469 3037 641 3116 Israelitis,
674 3037 817 3119 reliquiis
849 3037 951 3116 exilii,
983 3056 1025 3102 an
1047 3056 1108 3106 nan
1133 3039 1313 3104 audiverint
1340 3039 1500 3121 quidpiam
1523 3039 1563 3105 de

322 3141 534 3209 eliberatione
550 3140 686 3218 illorum,
711 3141 764 3221 qui
779 3141 812 3205 in
828 3143 982 3208 servitute
1000 3143 1148 3207 miseram
1164 3141 1261 3207 vitam
1277 3141 1405 3223 ducunt,
1429 3141 1562 3206 nullam·

322 3244 550 3329 querequiem
573 3244 800 3310 inveniunt-
824 3244 925 3311 donee
948 3247 1051 3311 nuncii
1076 3243 1332 3312 Chorasanorum
1363 3249 1484 3311 eertum
1510 3263 1562 3310 me

322 3369 386 3416 non
409 3347 639 3433 reddidissent,
664 3347 747 3431 quod
771 3346 974 3413 haebraicum
998 3349 1181 3431 imperium,
1213 3348 1396 3414 Al·Chasar
1424 3350 1561 3426 nomine,

323 3455 450 3520 existat.
486 3453 581 3518 Initio
605 3471 667 3519 non
689 3451 812 3517 credidi
835 3451 941 3518 verbis
964 3453 1125 3534 ipsarum3
1157 3453 1310 3533 opinabar
1333 3451 1414 3517 haee
1437 3452 1477 3517 ab
1500 3452 1562 3517 illis

323 3575 362 3624 eo
384 3555 448 3622 fine
471 3556 542 3636 diei,
567 3563 603 3622 ut
626 3555 829 3622 blandiantur
858 3557 951 3635 mihi;
982 3563 1015 3621 et
1045 3556 1220 3621 admiratus
1250 3575 1318 3621 sum
1342 3555 1485 3637 ipsarum
1508 3574 1563 3620 na-

323 3660 489 3726 rationem.
519 3658 594 3725 Mox
622 3661 731 3741 itaque
760 3661 956 3726 advenerunt
985 3661 1090 3724 nuncii
1121 3659 1206 3742 regis
1230 3658 1470 3726 Constantiniae
1493 3677 1563 3725 eum

324 3763 408 3830 dune
431 3769 463 3830 et
486 3763 625 3844 epistola
647 3763 696 3828 sui
718 3765 803 3846 regis
828 3763 869 3829 ad
892 3781 1000 3844 regern
1024 3769 1197 3856 nostrump
1208 3769 1241 3829 et
1261 3765 1457 3846 interrogavi
1476 3763 1564 3845 ipses

326 3868 366 3933 de
388 3887 424 3933 re
446 3867 517 3934 ista
541 3867 609 3948 Ipsi
631 3886 708 3932 vere
732 3886 798 3932 rem
822 3886 856 3932 se
880 3867 925 3932 ita
947 3867 1066 3933 habere
1084 3867 1335 3950 responderunt3
1358 3868 1492 3949 imperio
1509 3885 1564 3932 no·

323 3990 397 4040 men
413 3969 590 4037 Abehasar
613 3989 692 4050 esse,
718 3977 837 4035 terram
860 3970 944 4036 iilam
969 3989 988 4036 a
1011 3969 1232 4038 Constantinia
1248 3971 1426 4052 quindecim
1442 3973 1565 4036 dierum

325 4075 429 4158 spatio
445 4075 497 4140 via
512 4075 609 4140 maris
626 4075 754 4154 distare,
773 4077 823 4139 via
838 4080 943 4140 terrae
959 4093 1051 4141 verro
1068 4075 1186 4141 multos
1202 4075 1337 4158 populos
1352 4074 1563 4156 intercedere,

324 4197 433 4262 regem
457 4179 503 4261 (in
525 4175 716 4262 Al-Chasar)
740 4184 928 4260 regnantem
955 4179 1133 4260 iosephum
1162 4179 1288 4259 semri,
1318 4179 1434 4244 multos
1467 4196 1565 4244 naves

325 4301 363 4348 ex
393 4281 448 4348 illa
470 4282 601 4365 regione
624 4283 664 4347 ad
688 4301 745 4348 nos
769 4283 802 4364 (i.
828 4303 856 4349 e.
882 4281 1151 4368 Constantiniam)
1174 4283 1348 4350 aduentare
1377 4281 1566 4362 adierreque
1684 4343 1689 4354 ,

325 4386 439 4469 pisces,
471 4385 581 4468 pelles,
614 4404 775 4452 mereesve
803 4388 904 4452 omnis
934 4388 1078 4470 generis⁰
1094 4439 1101 4452 .
1120 4439 1152 4452 ..
1183 4386 1309 4454 Auditis
1338 4387 1389 4452 his
1421 4386 1566 4452 omnibus

325 4507 425 4556 novas
449 4489 532 4556 vires
555 4491 671 4572 recepi,
697 4509 835 4572 spesque
850 4510 921 4556 mea
935 4491 1073 4558 adaucta
1095 4499 1153 4558 est.
1177 4492 1215 4557 ln
1238 4497 1355 4558 terram
1374 4495 1565 4572 prostratae,

326 4593 487 4660 saelorum
502 4593 570 4674 regi
586 4594 706 4674 gratias
723 4599 862 4672 aeturus,
880 4613 1035 4677 quaerere
1051 4596 1140 4677 eoepi
1157 4593 1282 4686 fidelem
1298 4597 1455 4679 nuncium,
1471 4611 1566 4677 quem

326 4697 357 4762 in
381 4697 543 4780 regionem
565 4703 703 4764 vestram
719 4699 886 4783 mitterem,
912 4702 1077 4768 veritatem
1093 4701 1134 4766 de
1150 4719 1185 4766 re
1201 4701 1264 4766 ista
1279 4699 1498 4783 cogniturus¹⁰
1510 4748 1517 4762 .
1531 4747 1563 4764 ..
