3602 5304
1423 403 1485 466 233

247 607 437 691 possendem
460 614 598 690 caperet,
623 613 774 690 tanquam
798 609 936 674 crastina
958 607 1010 672 die
1030 606 1101 674 sine
1122 606 1188 672 ulla
1206 605 1357 672 dilatione
1375 623 1488 682 manus

248 711 296 778 illi
319 729 425 777 secum
448 713 634 778 conserendi
658 718 849 794 potestatem
873 709 1022 778 factunm.
1045 708 1105 778 His
1129 709 1221 777 dictis
1245 709 1400 776 abierunt.

294 814 429 880 Rommd
452 821 485 881 et
508 813 629 882 Avares
652 833 708 900 per
728 820 795 882 tres
811 814 879 884 dics
895 814 1043 900 (annosi)
1068 814 1289 895 decertarunt3
1313 813 1369 880 sed
1393 828 1488 893 quum

247 916 353 986 nullae
374 919 588 988 Romanorum
611 919 721 1000 copiae
743 935 877 984 numero
893 915 1070 986 sufficiente
1086 922 1289 1001 apparerent,
1313 933 1395 998 quae
1410 933 1487 1000 pou-

249 1027 324 1096 tem,
349 1037 412 1102 qua
434 1021 499 1086 itur
521 1023 553 1088 in
576 1021 776 1102 Dalmatiam,
801 1021 927 1088 mmetsi
950 1039 1062 1104 parum
1085 1023 1225 1088 munitus
1248 1027 1343 1099 esset,
1365 1037 1486 1102 oppug-

248 1130 369 1204 nerent,
393 1123 550 1206 Apsiehus
581 1118 686 1216 i’hiipi
712 1131 748 1190 et
768 1125 821 1206 qul
844 1142 914 1190 cum
938 1142 976 1190 eo
993 1130 1083 1192 erant
1099 1123 1227 1204 Avares,
1252 1126 1305 1207 qui
1320 1124 1384 1190 illie
1399 1123 1488 1212 prius

250 1227 290 1293 ad
311 1229 420 1310 pontis
442 1227 620 1298 custodiam
642 1227 862 1306 consederant,
886 1233 952 1293 tam
974 1229 1064 1308 parvi
1079 1228 1240 1296 Romanos
1259 1227 1426 1305 faciehant,
1451 1231 1488 1292 ut

250 1331 293 1406 ad
314 1331 411 1402 alium
432 1337 561 1420 pontem
584 1351 620 1399 se
641 1331 823 1398 conferrent
844 1336 878 1398 et
900 1350 998 1397 novas
1021 1333 1129 1414 copias
1153 1333 1251 1414 copiis
1272 1331 1385 1398 Baiani
1407 1331 1486 1400 adii·

248 1440 365 1502 cenent
388 1434 431 1500 At
453 1437 507 1516 qui
529 1436 562 1502 iu
586 1433 701 1502 Sirmio
724 1441 817 1501 eraut
831 1435 951 1518 ingenti
965 1433 1049 1502 fame
1064 1435 1220 1520 oppressi,
1241 1435 1318 1502 cihis
1340 1434 1486 1506 nefandis

248 1556 284 1606 se
297 1539 529 1618 sustentabant,
545 1539 620 1621 quia
630 1557 734 1604 rerum
747 1537 999 1604 necessariarum
1014 1540 1123 1622 inopia
1133 1539 1321 1606 laborabant
1333 1544 1367 1604 et
1376 1539 1486 1604 hostes

242 1639 374 1725 ¹pontem
406 1643 438 1708 in
465 1640 529 1709 Sao
557 1641 709 1708 fecerant.
745 1642 918 1708 Praeterea
949 1640 1114 1724 Salomon,
1151 1643 1204 1724 qni
1235 1649 1311 1708 tuno
1332 1642 1484 1723 temporis

248 1743 362 1812 Sirmio
378 1752 537 1828 praeerat
561 1764 674 1828 parum
690 1745 860 1828 diligenter
874 1762 926 1812 ras
942 1745 1192 1824 administrabat,
1217 1764 1319 1826 neque
1333 1765 1368 1812 se
1383 1745 1483 1810 ullum

245 1849 292 1916 rei
315 1849 460 1916 militaris
481 1867 574 1915 usum
597 1848 717 1915 hahere
740 1848 938 1942 ostendebat.
962 1849 1076 1931 Itaque
1099 1850 1184 1915 cives
1196 1857 1229 1916 et
1246 1848 1334 1916 urhis
1349 1848 1481 1926 incolae,

247 1953 309 2026 litt
328 1953 510 2021 calamitate
532 1951 653 2037 afflicti,
676 1952 887 2033 eiulahantur,
918 1960 951 2019 et
973 1969 1070 2036 quum
1092 1954 1134 2018 ad
1156 1960 1314 2019 extremas
1337 1970 1412 2039 spes
1435 1970 1485 2019 re·

247 2057 330 2130 ducti
354 2063 471 2136 assent,
502 2058 641 2124 omnium
663 2057 796 2126 istorum
818 2055 973 2126 malorum
997 2074 1127 2122 causam
1148 2055 1182 2120 in
1205 2056 1301 2126 duces
1323 2055 1485 2125 Romanoa

245 2159 440 2232 rejiciebant.
472 2160 638 2232 Postremo
661 2147 824 2242 Theognis
845 2159 1006 2241 paucitate
1029 2159 1164 2226 militum
1185 2158 1361 2228 laborabat.
1396 2159 1486 2226 Haec

245 2259 300 2328 uhi
330 2262 478 2330 amenus
516 2262 643 2344 didicit,
674 2263 779 2345 potius
802 2280 874 2330 esse
896 2262 1001 2348 duxit,
1031 2262 1143 2328 civium
1166 2261 1400 2330 multitudinem
1423 2279 1485 2328 uon

245 2382 316 2430 eum
348 2365 419 2452 ipsa
453 2367 533 2432 urhe
566 2367 598 2430 in
633 2364 827 2432 deditionem
862 2365 987 2432 venire:
1024 2364 1133 2446 itaque
1166 2382 1225 2446 per
1254 2364 1365 2432 literas
1390 2365 1487 2448 iussit

246 2467 464 2552 moognruem
492 2468 610 2538 bellum
640 2467 689 2540 his
709 2467 942 2535 conditionibus
966 2468 1104 2547 solvere,
1135 2473 1172 2532 ut
1193 2467 1304 2534 liceret
1326 2467 1481 2547 annuitur,

248 2571 302 2656 qui
324 2571 356 2636 iu
372 2573 451 2640 urhe
467 2571 662 2656 habitabunt,
688 2571 784 2640 salvis
800 2577 833 2638 et
847 2569 1055 2641 incolumibus
1074 2569 1169 2650 exire,
1194 2589 1297 2652 noque
1313 2573 1481 2654 quicquam

244 2693 375 2747 suarum
397 2693 503 2750 rerum
524 2673 599 2746 iude
621 2680 791 2758 asportare
804 2679 933 2756 praeter
948 2673 1044 2841 W
1060 2679 1094 2742 et
1108 2692 1203 2744 unam
1217 2683 1348 2742 vestem.
1371 2677 1483 2758 tuque

244 2777 277 2843 in
291 2777 350 2844 has
366 2778 591 2845 conventiones
608 2783 849 2864 consenserunt,
873 2784 907 2842 et
928 2776 1046 2843 belum
1062 2776 1116 2845 his
1129 2778 1364 2846 conditionibus
1379 2779 1483 2858 desiit,

245 2887 281 2948 ut
302 2882 437 2948 Romani
458 2881 613 2948 hvaaibus
635 2881 746 2948 urbem
770 2881 942 2960 dederent,
973 2889 1006 2948 et
1035 2880 1154 2948 Avares
1175 2881 1327 2948 Romanis
1347 2867 1481 2961 omnem,

244 3004 327 3068 quae
348 2983 382 3050 in
404 3003 444 3051 ea
465 2991 545 3069 erat,
567 2985 810 3063 multitudinem,
835 2985 956 3067 absque
976 2985 1124 3066 hisquae
1141 2988 1482 3067 uuusquisqueeorum

243 3089 275 3154 in
300 3088 390 3156 honis
412 3087 562 3168 habehat,
585 3087 805 3155 concederent.
828 3087 944 3170 Exegit
966 3089 1061 3154 etiam
1094 3087 1253 3172 chaganus
1276 3089 1370 3154 trinm
1389 3107 1483 3171 prae·

244 3192 412 3259 teritorum
434 3209 589 3260 annorum
611 3209 732 3272 summ,
757 3191 841 3274 quod
864 3207 926 3258 non
950 3197 1127 3274 acceperat,
1151 3199 1185 3258 et
1206 3191 1252 3258 illi
1267 3193 1401 3259 Romani
1421 3193 1483 3258 sol-

244 3315 320 3364 vere
341 3295 498 3377 solebant,
523 3301 558 3362 ut
580 3295 882 3364 aedessenum.
915 3295 1019 3361 Eram
1039 3314 1116 3362 roro
1138 3295 1299 3380 pecuniae,
1323 3313 1406 3376 quae
1426 3313 1483 3378 pro

244 3417 323 3482 pace
346 3415 537 3483 unoquoque
559 3417 644 3466 auno
663 3399 894 3482 pendebantur,
922 3399 964 3465 ad
986 3400 1148 3482 octoginta
1169 3399 1267 3465 millia
1287 3417 1483 3465 nurumomm

244 3521 422 3571 aureorum.
446 3504 621 3570 Praeterea
641 3521 723 3570 unns
746 3521 784 3570 ex
806 3501 866 3587 his,
890 3501 946 3585 qui
967 3502 1027 3569 sub
1049 3521 1087 3569 eo
1108 3503 1295 3582 militahant,
1319 3503 1351 3567 in
1366 3502 1483 3568 Rema-

243 3625 356 3673 norum
387 3607 534 3691 ffloues
563 3605 707 3691 fugerat,
742 3607 817 3690 quia
846 3606 1012 3672 dicebatur
1044 3605 1235 3674 adulterium
1268 3623 1339 3671 cum
1371 3603 1483 3670 Baiani

242 3729 345 3778 uxore
371 3709 572 3778 commisisse
603 3709 674 3776 Hoc
703 3707 894 3792 significavit
924 3709 1118 3796 Theognidi,
1148 3713 1182 3776 et
1203 3707 1264 3775 sihi
1285 3705 1483 3791 transfugam

243 3811 336 3879 reddi
358 3812 540 3894 postularit,
565 3830 664 3895 aeque
687 3831 751 3878 uon
773 3811 866 3878 aliter·
888 3811 1052 3880 foederum
1074 3813 1270 3879 conditiones
1289 3809 1374 3878 ferre
1388 3829 1483 3893 posse

243 3913 421 3985 affirmarit.
446 3915 608 4000 Theognis
628 3916 813 3999 respondit,
842 3915 975 3982 Romani
994 3915 1195 3998 imperatoris
1219 3915 1368 3982 ditionem
1388 3915 1483 3997 longe

242 4019 371 4102 lateque
389 4013 525 4103 ‘patera
555 4020 589 4092 in
615 4037 694 4102 qua,
731 4025 903 4104 propterea
923 4021 1009 4100 quod
1031 4019 1225 4102 amplissima
1249 4026 1284 4085 et
1305 4018 1486 4088 vastissima

242 4129 337 4208 emet,
360 4141 417 4190 res
436 4121 572 4190 diliidlis
594 4124 725 4190 inventu
747 4123 830 4191 tora
851 4121 900 4188 rir
922 4122 997 4188 exul
1019 4121 1053 4187 iu
1074 4141 1114 4188 ea
1132 4141 1250 4202 errans,
1275 4122 1330 4204 qui
1346 4121 1485 4188 fortasse

242 4227 337 4296 etiarn
359 4227 424 4292 ian
446 4228 602 4311 periisset.
640 4226 690 4294 Ad
712 4247 751 4295 ea
772 4227 913 4310 Baianus
944 4223 1037 4292 dixit:
1074 4225 1207 4311 ,durent
1231 4225 1328 4308 igitur
1349 4224 1485 4292 Mmani

242 4331 342 4396 ducos
362 4349 399 4398 se
419 4331 668 4416 perquisiturus,
699 4337 732 4396 st
756 4329 784 4395 si
806 4321 1005 4411 transfugam
1034 4330 1228 4411 repererint,
1259 4346 1323 4396 non
1345 4327 1482 4394 occulta·

243 4439 332 4499 turos
339 4482 348 4516 ,
383 4433 440 4500 sed
470 4435 599 4502 omnino
626 4453 698 4510 eum
728 4433 760 4500 in
791 4450 903 4500 manus
935 4429 1074 4497 Avarum
1104 4431 1173 4515 regi
1206 4431 1398 4510 tradituros3
1432 4429 1480 4496 sin

241 4542 348 4604 autem
369 4535 437 4603 lato
459 4534 587 4607 functus
610 4539 660 4624 sit,
684 4539 756 4623 ejus
776 4537 824 4604 rei
845 4537 949 4620 ipsum
972 4533 1139 4602 mitiorem
1160 4533 1301 4604 facturos
1323 4539 1424 4603 esse“.
