3572 5276
1400 315 1463 413 ic

265 512 442 613 nutoriuter
457 557 575 613 caetere
591 553 678 614 dicit:
706 553 840 635 „Rogant
863 554 952 613 etlam
976 554 1106 629 graelum
1130 553 1312 614 dominorum
1330 569 1462 614 meorum

268 637 473 713 gloriosissimi
484 637 603 698 Andreo
618 639 698 715 regis
713 641 743 700 ei
758 639 861 715 optimi
876 637 959 698 duols
971 639 1124 702 Adalberti
1137 657 1193 714 ego
1205 639 1289 700 Rudo
1301 641 1460 718 palatinus,

267 728 299 783 ut
321 725 529 784 monesterium
554 740 651 786 meum
677 725 770 784 suncti
793 725 936 785 Demetrii
959 741 1049 801 snprs
1077 723 1203 785 Zsuem⁸
1225 725 1355 797 fluuium,
1380 725 1462 801 quod

267 811 365 869 multis
381 811 495 871 bellicis
509 811 660 871 laboribus
672 829 736 871 oum
748 815 811 871 tote
826 809 978 887 prouincia
994 813 1045 871 illu
1059 818 1161 872 ennete
1176 827 1284 871 corone
1299 811 1460 872 rectitiouui

269 897 419 958 etiterum
435 897 588 972 acqubiui,
605 895 763 972 quiaillud
779 897 986 957 monesterium
1001 901 1046 958 est
1061 899 1090 958 in
1105 898 1247 973 parochia
1269 898 1362 958 suncti
1378 897 1459 958 Petri

267 983 576 1064 quinqueeclesiensis,
593 982 667 1044 sicud
682 984 711 1043 in
727 982 929 1061 spiritualibus
944 984 985 1043 itu
1000 985 1089 1044 etiem
1105 984 1276 1060 temporale·
1291 983 1460 1062 dominium,

265 1069 345 1144 quod
357 1085 414 1145 ego
425 1069 510 1130 Rudo
523 1069 551 1129 in
564 1069 613 1128 lllo
625 1069 731 1146 bubeo,
748 1069 828 1144 quod
843 1073 1029 1145 patronatum
1041 1074 1158 1147 uocant,
1174 1069 1242 1130 dedi
1254 1069 1346 1148 eciam
1358 1071 1460 1130 sunnio

268 1156 356 1215 Petro
372 1155 673 1231 quinqueeeclesiensi
688 1161 719 1216 et
733 1157 808 1230 putri
824 1160 925 1216 nostro
951 1156 1090 1232 episcopo
1113 1157 1225 1231 Mauro,
1242 1156 1291 1215 ubi
1307 1155 1396 1215 etlam
1415 1171 1461 1215 so-

266 1242 414 1318 pulturum
436 1244 521 1302 uolo“
538 1285 546 1300 .
561 1289 567 1302 .
581 1287 610 1302 ..
634 1242 690 1301 Ast
712 1242 915 1302 donationslos
937 1241 992 1302 bes
1015 1243 1144 1317 sequiori
1166 1247 1299 1316 tempore
1321 1241 1461 1301 condictus

266 1327 365 1403 fuisse,
382 1329 512 1388 uirorum
527 1328 708 1388 eruditorum
730 1327 807 1388 ferre
823 1329 983 1388 communis
998 1332 1044 1388 est
1059 1328 1167 1404 opinio.
1185 1327 1228 1390 cf.
1245 1328 1339 1388 Unius
1354 1345 1372 1387 e
1387 1326 1458 1388 Oro·

266 1415 322 1474 ntis
338 1430 482 1490 responsu
500 1432 528 1490 p.
547 1415 683 1474 67-75.

309 1553 461 1625 Quaenam
482 1554 550 1628 Imp.
568 1550 694 1611 Miebnel
712 1551 755 1610 lll
778 1551 817 1611 sd
839 1552 1065 1627 supprImeudos
1081 1551 1226 1612 Gbroutos
1241 1557 1271 1612 et
1285 1551 1460 1612 Dioclensos

267 1640 371 1714 ogerii,
388 1638 464 1698 idem
480 1637 667 1713 Nicephorus
681 1637 828 1713 Bnyenius
843 1638 990 1713 subseqne
1004 1637 1098 1698 fusius
1112 1643 1215 1698 narret
1228 1643 1319 1712 elque
1334 1655 1352 1697 a
1367 1653 1414 1697 me
1430 1636 1458 1696 in

265 1725 330 1785 Red
353 1725 476 1801 XXVII,
495 1727 555 1784 123
572 1741 611 1785 ss.
629 1724 747 1784 uberius
763 1724 897 1799 exposite
919 1729 995 1785 sunt.
1024 1723 1120 1798 Quum
1141 1728 1240 1784 mmor
1264 1721 1459 1785 Obrontorum

265 1813 382 1870 nomme
397 1811 445 1870 bic
460 1811 518 1869 loci
533 1809 618 1870 Sorbi
635 1809 841 1888 indigiientnr,
866 1810 964 1884 pronti
978 1811 1045 1886 ipse
1060 1811 1250 1885 expositionis
1266 1811 1358 1869 series
1374 1813 1459 1868 extra

266 1913 353 1956 omne
376 1896 495 1956 dubium
520 1897 610 1973 ponit,
633 1896 683 1954 illc
706 1897 735 1955 in
751 1895 808 1954 boo
830 1913 921 1971 opere
944 1896 1033 1956 misse
1054 1895 1187 1958 iacimus.
1214 1895 1407 1956 chroatorum
1430 1899 1460 1954 et

265 1983 422 2043 Serborum
439 1999 544 2043 nornen
559 1982 673 2056 ubsque
689 1981 855 2041 discrimine
871 1981 1033 2041 adhibitum
1049 1980 1148 2058 inisse,
1165 1981 1249 2042 testis
1267 1987 1313 2041 est
1328 1982 1459 2041 ioannes

265 2069 406 2146 Zonaras,
422 2069 472 2143 qui
488 2069 587 2127 ennnl.
603 2067 653 2128 lib.
670 2067 779 2146 XVIII,
797 2085 822 2128 o.
842 2070 892 2145 17,
907 2083 936 2144 p.
954 2069 1016 2128 226
1033 2067 1079 2128 ed.
1097 2067 1203 2129 Venet.
1223 2067 1348 2145 eundem
1372 2083 1459 2126 even-

264 2158 326 2213 tum
342 2171 490 2231 exponere
506 2153 651 2214 uddorsus
666 2157 711 2213 est
725 2153 784 2212 ita:
818 2147 890 2235 „Tot
912 2173 932 2212 τ
958 2173 1003 2231 τῳ
1025 2140 1050 2213 δ’
1062 2155 1121 2213 ἔτει
1135 2159 1190 2222 τῆς
1205 2149 1351 2231 βασιλείας
1366 2150 1460 2212 αὐτοῦ

266 2235 304 2299 τὸ
325 2245 386 2299 τῶν
408 2233 572 2386 Χέζβάτων
594 2237 689 2310 ἔθνος,
718 2234 765 2308 οὓς
787 2226 824 2304 δὴ
847 2239 896 2297 καὶ
950 2235 1043 2318 ’βους
1064 2236 1138 2310 τινὲς
1159 2238 1291 2312 καλοῦσι,
1313 2255 1459 2310 sentuoso,

265 2322 320 2390 ris
342 2331 402 2398 τῶν
468 2321 600 2410 υλγάρων
622 2321 721 2409 χώραν
744 2323 955 2409 ἐπιαεχειρηκός
976 2333 1127 2410 καταχεῖν.

262 2460 267 2488 ’
286 2461 310 2513 Α
329 2461 363 2513 21
381 2459 438 2514 Oct.
460 2463 524 2516 1071
544 2474 630 2528 usque
649 2459 684 2514 ud
703 2443 844 2514 3l'rnertii
864 2461 940 2513 1078.
996 2461 1006 2490 ¹
1025 2459 1153 2514 Nonnulli
1172 2459 1360 2514 Patairraoites
1377 2459 1458 2512 intel-

222 2545 361 2614 lexerunt,
392 2562 485 2601 serum
521 2546 666 2615 ilungaros
696 2545 938 2614 subintelligendas
968 2561 1029 2602 esse
1060 2547 1118 2602 eJ.
1151 2535 1280 2600 cinnamo
1310 2543 1461 2600 deducitur.

226 2632 269 2686 ’i
291 2647 314 2686 e.
333 2632 466 2701 Bulguros
492 2638 520 2688 et
544 2631 651 2688 Serbes.
725 2631 866 2700 ‘Skoije
891 2631 926 2688 ud
951 2631 1057 2687 Varder
1075 2631 1102 2686 fl.
1177 2631 1262 2686 ⁵Nis.
1334 2630 1345 2662 ⁶
1369 2629 1460 2698 Vidin,

223 2719 288 2775 slus.
307 2723 458 2784 engone.
522 2720 532 2749 ⁷
551 2719 701 2787 Quemnam
714 2716 850 2785 regionem
868 2724 963 2773 eumer
981 2717 1176 2786 subintelligat,
1196 2717 1339 2772 deducitur
1356 2732 1390 2772 ex
1408 2716 1461 2772 beu

222 2805 405 2875 expositione:
432 2788 617 2876 „liuppoigtou
649 2793 664 2851 d
687 2787 865 2874 μητρόπολίς
891 2789 953 2851 ἐστι
974 2797 1029 2850 τοῦ
1052 2786 1223 2874 'leignon‘
1248 2803 1326 2872 (ibid,
1351 2803 1399 2858 lib,
1424 2801 1458 2856 11.

223 2910 244 2948 c
264 2896 289 2948 3.
307 2909 334 2962 p.
355 2895 425 2962 102).
499 2891 661 2962 ’ntemplo
680 2908 701 2948 s.
720 2889 839 2947 Dimitrii
856 2889 932 2946 loeus
950 2889 1094 2946 Mitroslou
1111 2889 1207 2947 dietus

758 3263 760 3266 .
780 3201 909 3276 224.

501 3443 735 3511 Neronianorum
756 3447 791 3510 εά
813 3442 1008 3510 Dalmatiam
1031 3445 1176 3528 irruptio.

830 3639 857 3698 1.

267 3773 424 3856 Tempore
445 3775 541 3858 igitur
564 3773 754 3841 uenerabilis
778 3771 838 3838 uiri
862 3771 979 3837 domini
1005 3769 1177 3851 Domnnc,¹
1208 3769 1336 3835 ustione
1367 3769 1461 3835 ebse-

226 3879 337 3958 rensis,
361 3879 543 3946 arbensium
567 3876 716 3960 episcopi,
739 3875 879 3960 contigit,
904 3879 940 3938 ut
963 3872 1100 3955 quedam
1119 3871 1231 3954 ingens
1244 3870 1463 3952 Uarngorum²

223 4000 313 4062 gens
337 3987 369 4048 at
391 3982 424 4046 iu
447 4001 561 4062 magno
585 3979 786 4047 multitudine
802 3978 946 4045 menibus
962 3976 1103 4043 eiusdem
1126 3973 1213 4045 urbis
1237 3993 1274 4038 ex
1290 3974 1461 4056 improviso

224 4085 503 4168 appropInguaret.
528 4083 627 4161 Quam
653 4082 779 4165 quidem
803 4081 979 4147 ciuitatem³
1014 4077 1181 4146 obsedita
1204 4082 1318 4159 quartu
1341 4077 1463 4143 decimu

224 4188 275 4254 die
299 4187 407 4270 aprilis
430 4204 531 4269 usque
555 4187 596 4253 ed
618 4205 731 4252 nonem
755 4184 839 4251 dlem
862 4183 978 4250 mensis
1002 4181 1116 4259 madii;
1150 4187 1276 4247 etcum
1299 4178 1461 4260 machinis²

224 4292 351 4374 sagittis
373 4298 407 4358 et
429 4291 561 4358 diversis
585 4291 681 4355 armIs
706 4307 775 4354 cum
798 4287 927 4354 instanti
950 4285 1130 4367 frequentia
1160 4283 1360 4366 expugnabat
1389 4301 1462 4350 eun·

226 4393 308 4462 dem.
340 4395 469 4460 Interea
500 4395 551 4460 die
574 4393 710 4473 quodum
743 4410 813 4456 cum
836 4391 876 4456 de
906 4389 1050 4456 maehina
1072 4405 1169 4471 super
1192 4387 1302 4452 turrim
1333 4384 1462 4467 protho-

229 4499 378 4581 martyris
403 4497 557 4579 Stephani
580 4498 715 4562 instaret
743 4495 881 4577 lupIdem
910 4495 942 4557 in
966 4492 1133 4570 civitatem,
1169 4495 1201 4555 et
1224 4489 1384 4556 cuiusdam
1405 4506 1462 4553 no·

224 4603 297 4671 bilis
322 4603 382 4670 uini
405 4605 586 4685 percuteret
609 4601 746 4683 domum,
777 4597 920 4682 prefatus
944 4595 1024 4679 lupis
1057 4601 1140 4662 tecto
1170 4595 1272 4662 fracto
1304 4613 1341 4660 ue
1370 4592 1461 4676 poui-
