3602 5304
225 245 227 248 ’
321 279 382 340 sea

320 497 390 546 uem
416 477 603 546 Sirmianam
626 480 762 546 insulam
784 482 945 565 propriam
970 480 1028 548 sibi
1054 480 1173 548 feeerit.
1199 480 1305 563 Seque
1318 483 1390 564 jure
1406 481 1439 548 id
1454 481 1560 550 faeere

311 581 396 666 'quia
419 581 612 666 Gepiderum
634 585 722 666 prius
744 584 824 652 haee
845 586 950 652 insula
971 585 1084 672 luerit,
1108 604 1242 670 quorum
1264 605 1315 652 res
1339 591 1373 652 et
1395 588 1489 653 urbes
1510 586 1559 652 iu·

318 689 400 754 etius
423 687 544 757 Avares
567 689 627 754 sibi
647 689 808 755 vindioare
828 695 977 772 possent,
1009 690 1064 770 qui
1086 709 1141 756 eos
1164 683 1354 770 devicerint,
1378 708 1474 772 quam
1496 691 1560 756 lto·

318 792 436 858 manl‘t.
472 793 561 858 liaeo
591 795 815 874 imperatorem
849 794 943 859 valde
977 794 1221 879 perturbarunt,
1257 801 1291 859 ot
1320 794 1459 877 grauiter
1488 793 1558 858 eius

319 902 458 962 mentem
481 899 529 962 ira
552 905 586 962 et
609 896 719 962 dolore
742 899 954 980 perculerunt,
985 904 1091 974 tomen
1115 898 1230 965 idonea
1252 904 1285 964 et
1306 899 1384 979 lpse,
1408 904 1560 980 quantum

316 999 430 1083 potuit,
454 999 598 1070 oratione
621 1019 700 1066 usus
723 1001 769 1066 ite
790 1001 973 1083 respoudit:
1008 1001 1138 1082 „Neque
1161 1001 1276 1084 copiis,
1308 1019 1412 1084 neque
1434 999 1560 1068 fortitu·

319 1103 392 1172 diue
414 1123 536 1183 manus,
570 1123 675 1186 neque
696 1105 866 1186 prudentia
888 1122 945 1171 nos
968 1105 1129 1187 chaganus
1151 1106 1374 1184 circumvenit,
1406 1105 1464 1170 s'ed
1486 1122 1558 1172 eum

318 1225 429 1289 paoem
452 1207 613 1282 eldeum,
638 1227 696 1290 per
717 1226 811 1290 quem
829 1208 967 1290 juravit,
992 1208 1164 1286 delusisse,
1189 1209 1332 1274 omnibus
1355 1206 1558 1274 mendesium

319 1316 378 1376 eea
401 1309 612 1378 Nihilominus
634 1310 680 1375 illi
703 1309 868 1392 perfidiam
899 1331 1011 1391 parum
1040 1309 1237 1392 profuturam
1260 1329 1330 1378 esse
1354 1328 1457 1391 spero.
1494 1309 1559 1376 Sed

322 1415 430 1496 potius
453 1433 547 1479 unam
562 1413 608 1479 ‘ex
632 1413 767 1492 filiabus,
791 1431 870 1495 quas
894 1414 974 1481 dues
994 1415 1107 1491 habeo,
1130 1414 1177 1479 illi
1200 1415 1441 1496 desponderem,
1465 1432 1561 1495 quarn

321 1517 468 1584 Sirmium
500 1519 650 1600 oppidum
680 1517 791 1582 volens
816 1518 985 1588 traderem.
1020 1517 1111 1594 Quod
1142 1518 1169 1584 si
1199 1520 1228 1583 vi
1259 1517 1463 1601 expugnarit,
1498 1537 1558 1600 ego

321 1621 415 1688 deum
446 1621 583 1688 ultorem
614 1628 801 1702 expectans,
831 1623 921 1702 eujus
944 1640 1060 1686 numen
1084 1622 1229 1700 violavit,
1259 1622 1392 1703 imperio
1417 1621 1559 1688 Romano

318 1743 369 1792 mo
391 1744 456 1794 uon
483 1725 623 1794 doluisse
647 1721 864 1791 existimabo“.
890 1723 971 1790 Tum
994 1725 1123 1792 dimisso
1145 1725 1270 1808 legato,
1301 1725 1374 1791 urbi
1396 1725 1561 1808 suppetioe

318 1827 415 1908 ierne,
439 1829 544 1911 quoad
564 1829 676 1910 potuit,
699 1828 833 1910 paravit.
856 1827 992 1912 Etenim,
1015 1833 1053 1894 ut
1073 1829 1223 1917 superius
1247 1829 1319 1911 dixi,
1343 1829 1447 1894 nullos
1462 1828 1560 1894 habe·

319 1933 376 2000 bat
399 1933 523 2016 oopiss:
546 1934 656 2013 ibique
677 1933 871 1998 exercituum
895 1930 1084 2014 praesentes,
1109 1933 1206 1998 duces
1229 1939 1262 1999 et
1284 1939 1459 1998 turmarum
1482 1932 1558 1998 duo·

320 2043 424 2115 tores,
455 2036 514 2102 bos
544 2055 602 2118 per
633 2035 792 2118 Illyrium,
824 2034 903 2102 alios
925 2053 984 2119 per
1005 2035 1197 2102 Dalmatiam
1227 2035 1340 2114 mittit,
1372 2041 1408 2102 ut
1437 2036 1560 2116 urbem,

319 2141 426 2224 quood
447 2138 517 2206 lieri
539 2145 658 2222 posset,
682 2139 886 2206 custodirent.

364 2241 526 2326 numquis
541 2241 596 2309 ubi
612 2240 644 2307 iu
660 2239 786 2308 Ossiam
802 2248 835 2308 et
849 2239 1074 2308 carbonariam
1089 2240 1210 2307 insulse
1224 2241 1378 2324 pervenit,
1394 2259 1560 2310 sermones

317 2345 361 2414 ad
375 2364 418 2418 sa
436 2349 473 2410 ut
487 2343 618 2411 foedera
634 2342 757 2423 fierent,
776 2344 899 2410 delatos
915 2343 1055 2425 esoeplt:
1080 2342 1188 2426 itaque
1209 2341 1350 2410 Bolanus
1364 2344 1502 2421 advenit,
1526 2351 1561 2410 et

319 2449 362 2516 de
375 2465 457 2532 equo
473 2447 679 2527 deseendons,
703 2449 734 2512 in
751 2447 831 2515 sella
847 2466 946 2516 uiues¹
966 2448 1118 2524 consedit
1143 2464 1226 2528 quae
1241 2447 1405 2531 sisagullis
1425 2449 1560 2530 gemmis

320 2551 441 2618 eruatis
450 2551 484 2617 iu
494 2550 629 2620 brutam
640 2545 769 2618 tentorii
779 2554 963 2634 comparata
973 2557 1051 2616 erat.
1068 2549 1152 2616 Ante
1163 2553 1276 2632 peetus
1290 2551 1375 2620 illlus
1390 2558 1424 2617 et
1438 2551 1560 2616 rubum

319 2655 546 2738 propugnsouli
563 2653 657 2720 modo
673 2659 745 2720 eret
758 2655 917 2736 obiectum
931 2660 1063 2732 seutum,
1087 2673 1128 2721 ne
1143 2653 1325 2720 allemanie
1340 2653 1424 2722 forte
1439 2657 1471 2720 in
1487 2675 1558 2722 eum

319 2759 385 2827 tela
399 2757 610 2826 iaculantibus
624 2762 839 2840 appeteretur.
863 2757 990 2822 Etenim
1006 2757 1060 2839 qui
1079 2776 1151 2822 oum
1170 2755 1355 2841 Theognide
1375 2765 1480 2838 erent,
1497 2777 1560 2824 uon

320 2862 414 2946 longo
434 2861 602 2928 interpello
616 2859 780 2932 dietabant
794 2880 814 2926 a
828 2860 898 2927 loeo
921 2859 975 2926 ubi
989 2859 1127 2928 Roianus
1149 2859 1300 2927 sedebatu
1322 2861 1434 2944 lisque
1453 2861 1560 2928 ilunui

318 2967 510 3045 interpretes
523 2965 610 3031 claro
624 2982 704 3031 vose
714 2963 810 3030 fidem
822 2963 1118 3033 detamdeinduoiis
1129 2965 1384 3046 pronuntiarunt.
1402 2965 1485 3030 lum
1497 2963 1560 3031 Be·

319 3067 412 3135 ianus
426 3069 515 3149 disin
541 3072 691 3150 oportere
713 3068 872 3132 Ιὶοιιιιιιιοε
894 3065 938 3131 illi
963 3066 1031 3134 siue
1052 3085 1160 3150 pugna
1175 3065 1324 3138 Sinnium
1338 3069 1463 3150 oedere,
1486 3069 1562 3150 quis

320 3171 402 3237 nihil
419 3171 484 3238 illis
506 3171 576 3255 opis
588 3173 654 3255 Jam
669 3170 782 3252 reliqui
797 3175 893 3248 esset
918 3169 1085 3252 quominus
1100 3170 1252 3253 oppidum
1267 3177 1444 3254 superetur.
1467 3171 1558 3252 Nam,

319 3275 653 3358 praeterquamquod
677 3274 789 3340 urbem
811 3292 863 3340 res
885 3274 1083 3340 neeessariae
1114 3271 1303 3354 deficerent,
1338 3275 1490 3357 impedito
1518 3273 1559 3344 sb

319 3385 457 3460 utraque
485 3385 578 3459 parte
611 3377 760 3444 frumenti
795 3377 988 3456 investione,
1024 3379 1120 3443 etiam
1152 3376 1293 3448 avarum
1325 3379 1559 3446 multitudinem

320 3481 416 3548 nullis
437 3481 599 3554 laboribus
621 3479 829 3563 defatigatum
851 3481 907 3564 iri,
938 3499 1039 3564 usque
1062 3481 1137 3549 dum
1160 3482 1271 3548 urbem
1299 3483 1378 3548 sude
1406 3483 1560 3565 potestati

320 3583 498 3652 subiiciunt.
528 3584 700 3666 Proposuit
722 3584 817 3650 etiam
840 3585 978 3665 aliquam
999 3583 1202 3652 uerisimilem
1225 3602 1367 3670 oausam,
1398 3603 1455 3651 eur
1476 3584 1560 3654 desi·

319 3689 448 3756 doramt
471 3687 558 3753 urbis
581 3686 752 3753 dominium
777 3686 918 3769 adipisci,
941 3706 982 3754 ne
998 3686 1188 3770 liuuslbgoe
1201 3707 1240 3753 ex
1255 3685 1390 3760 Avarico
1406 3689 1558 3769 exercitu,

318 3791 394 3874 quia
416 3791 493 3862 urbs
516 3797 603 3858 esset
629 3789 695 3862 illis
723 3789 933 3870 ooutmmins,
965 3791 1006 3857 ad
1029 3791 1189 3859 Romanos
1211 3795 1376 3874 receptum
1397 3791 1560 3860 baberent.

319 3895 423 3975 Quum
438 3893 520 3960 baoo
535 3895 577 3960 sd
592 3893 677 3958 hune
692 3893 820 3968 modum
837 3893 934 3959 loeuti
949 3901 1064 3971 essent,
1085 3900 1197 3962 contro
1210 3895 1375 3976 respondit
1389 3894 1559 3981 umogss,

318 4015 357 4065 se
376 4017 440 4067 non
462 3998 552 4080 prius
574 4017 595 4063 a
617 3997 702 4062 bello
726 4014 934 4076 recessurum,
959 4013 1053 4077 quarn
1076 3997 1228 4065 Araricus
1244 3999 1402 4066 exereitus
1417 3999 1560 4079 oesserit,

317 4121 426 4186 neque
444 4099 508 4172 alia
530 4100 712 4166 conditione
733 4099 890 4166 Baianum
912 4117 1042 4181 sperare
1065 4100 1192 4180 debere,
1216 4123 1252 4169 se
1275 4101 1385 4170 faciles
1400 4104 1560 4172 nummos

318 4205 361 4270 sd
381 4224 430 4283 eu„
454 4221 538 4286 quae
559 4204 644 4284 velit,
668 4209 877 4286 reperturum.
906 4203 995 4270 Haec
1016 4203 1100 4270 inter
1122 4223 1157 4271 se
1180 4204 1407 4274 altercantibus
1431 4213 1464 4276 et
1485 4226 1559 4276 oon·

318 4307 525 4386 eertontlbus,
550 4313 663 4390 aperto
684 4305 798 4374 foedus
821 4306 983 4390 Theognis
998 4301 1088 4374 'ioere
1110 4309 1270 4374 reeusarit
1285 4313 1319 4374 et
1333 4310 1413 4376 dixit
1427 4309 1558 4392 Baiano,

318 4417 355 4478 ut
377 4431 412 4478 so
434 4411 475 4482 ab
497 4411 596 4478 oculis
620 4411 834 4476 Romanorum
857 4410 1066 4491 subduceret,
1098 4416 1132 4477 et
1161 4409 1249 4478 orme
1277 4412 1319 4480 ad
1346 4432 1486 4497 pugnam
1508 4431 1558 4514 es3
