3602 5304
749 619 885 695 139-

185 729 208 790 1.
226 730 282 800 tut,
297 747 367 792 6666
382 727 443 790 luit.
458 729 561 808 impurii.

191 839 587 928 „hominembonum
606 837 865 924 uapor-snorum,
882 839 958 905 dara
976 835 1011 902 V.
1024 834 1173 903 Micimeli
1184 837 1257 902 duci
1273 833 1426 902 Venetiae.

709 951 732 1006 F
808 957 909 1006 emtum.

120 1077 127 1096 ·
229 1041 268 1107 In
291 1041 416 1108 nomine
440 1039 491 1106 dei
513 1040 623 1107 eterni.
646 1040 684 1106 In
697 955 852 1107 (cffiab
867 951 1083 1106 ingernatione
1100 1037 1242 1104 eiusdem
1258 1037 1426 1106 millesimo

186 1147 391 1229 nonagesimo
414 1146 557 1228 septimo,
581 1163 690 1211 mense
705 1143 810 1224 modii
835 1143 1004 1210 indictione
1025 1143 1143 1226 quinte.
1168 1141 1323 1227 Tragurii.
1341 1142 1426 1222 Quo·

188 1251 275 1316 niam
291 1251 350 1316 sub
365 1257 528 1317 tentorum
541 1249 737 1336 dominorum
749 1250 901 1332 regimine
913 1267 970 1316 nos
983 1249 1107 1332 degere,
1124 1253 1219 1330 atque
1236 1249 1294 1314 sub
1310 1265 1425 1316 eorun-

191 1355 264 1422 dem
290 1355 441 1439 euigilots
463 1361 656 1436 curentque
684 1354 811 1420 assiduo
834 1353 936 1420 tutele
964 1371 1019 1420 nos
1049 1353 1220 1436 persistere
1250 1371 1424 1437 congruum

188 1469 286 1544 etque
310 1459 501 1526 tutissimum
531 1459 610 1525 satis
640 1477 711 1525 esse
740 1460 961 1543 cognouimus:
990 1457 1102 1525 iccirco
1133 1476 1191 1526 nos
1219 1455 1422 1545 Jo(b)onnes,

189 1566 240 1632 dei
263 1567 368 1648 gretie
389 1564 585 1647 tragurensis
615 1564 796 1646 episcopus,
829 1581 900 1629 cum
929 1564 1046 1630 nostris
1076 1563 1328 1643 successoribus,
1359 1583 1424 1629 uno

188 1689 258 1736 cnm
284 1670 391 1751 Drego
414 1669 520 1752 priore
543 1675 577 1734 et
598 1667 693 1734 Petro
715 1667 810 1746 Belo,
842 1685 912 1733 cum
936 1667 1057 1733 cunctis
1087 1669 1202 1734 nostris
1233 1669 1423 1752 concidibus,

190 1776 361 1842 maioribus
385 1781 419 1840 et
440 1774 630 1859 minoribus,
662 1775 721 1856 (et)
751 1791 821 1842 cum
852 1774 971 1838 nostris
994 1772 1179 1854 heredibus,
1211 1773 1424 1856 promittimus

187 1881 279 1948 uobis
304 1880 429 1946 domino
452 1883 560 1944 nostro
577 1876 674 1944 Viteii
690 1875 846 1962 Micbneli,
870 1878 943 1944 duci
958 1877 1092 1944 Venetie
1106 1884 1139 1944 et
1153 1877 1311 1944 Delmatie
1327 1883 1425 1960 atque

186 1983 338 2052 Obroatie
361 1991 394 2052 et
415 1983 570 2066 imperiali
590 1981 861 2066 protoseuostori,
886 1989 923 2048 ut
941 1983 1085 2050 6666666
1101 1983 1169 2049 sine
1185 1988 1295 2050 uestro
1311 1983 1423 2050 uolon-

188 2089 271 2154 torio
294 2105 472 2154 consensu.
488 2136 515 2150 ..

274 2195 486 2272 Fragmentum
501 2195 530 2254 iu
547 2193 611 2254 cod.
628 2193 810 2253 Treviseno:
827 2190 858 2271 s)
874 2211 944 2254 msc.
960 2193 990 2252 in
1002 2193 1180 2254 bibliothece
1191 2193 1288 2253 nulius
1298 2193 1431 2254 Viennae

230 2283 282 2343 iol.
302 2284 373 2343 169.
388 2281 422 2362 b)
438 2283 468 2341 in
483 2280 661 2342 bibliothece
677 2279 857 2356 Oioognisns
879 2280 1011 2341 venetiis
1026 2298 1097 2341 mse.
1114 2299 1157 2344 nr.
1175 2281 1269 2342 2558.
1285 2279 1336 2340 161.
1356 2283 1429 2343 110.

274 2370 463 2429 1166666616
481 2368 647 2444 spectentiu
668 2367 819 2427 historiam
842 2365 997 2428 slavorum
1021 2367 1125 2428 merid.
1150 2367 1315 2445 ngrsbiac
1337 2369 1429 2429 1866.

231 2458 257 2534 1,
274 2459 304 2516 4.
321 2455 395 2517 coc.
411 2455 482 2533 dipl.
499 2453 583 2516 csn.
599 2455 624 2534 1,
641 2455 713 2518 noo.

186 2751 315 2813 mm
637 2687 641 2696 ·
746 2660 877 2732 1210.

192 2877 489 2962 „Memoratoriumi
520 2874 648 2941 Βναπαο
670 2877 709 2941 66
731 2879 825 2942 terris
846 2878 913 2942 suis
934 2880 969 2942 in
991 2876 1131 2944 Selcirdca
1161 2877 1268 2945 subtus
1291 2877 1426 2966 Studien,

507 2963 592 3028 dotis
614 2967 798 3030 monasterio
821 2985 847 3030 s.
872 2963 959 3031 Petri
980 2965 1014 3029 in
1036 2964 1117 3030 Sele.

236 3077 494 3144 Memoratorium
526 3075 607 3143 facio
631 3095 691 3160 ego
722 3077 829 3143 Brona
857 3096 921 3144 uns
950 3095 1020 3144 cum
1050 3076 1123 3144 filiis
1153 3080 1250 3159 meis,
1279 3079 1431 3148 uidelicet

36 3161 38 3222 5
134 3212 140 3218 ·
187 3185 320 3267 Drugus
342 3183 430 3265 prior
450 3181 634 3265 trugurinus
664 3199 723 3248 uec
752 3200 815 3248 non
837 3181 986 3263 Vilcins¹,
1011 3183 1051 3250 de
1079 3184 1191 3264 terris,
1222 3201 1284 3266 que
1315 3192 1432 3251 sunto

192 3285 365 3371 6616666ῃ
387 3287 500 3353 subtus
531 3285 697 3366 Stilbiza3⁸
729 3288 875 3354 uolumus
906 3293 940 3354 et
962 3287 1194 3355 confiirmemus
1225 3296 1262 3354 ut
1283 3289 1376 3374 si(n)t
1397 3291 1431 3356 in

189 3391 385 3459 monasterio
416 3391 517 3456 sancti
545 3391 633 3456 Petri
663 3391 812 3474 principis
841 3391 1055 3474 apostolorum
1078 3410 1136 3475 pro
1161 3393 1300 3460 remedio
1324 3393 1429 3460 snime

191 3505 304 3563 nostro
325 3495 450 3576 meique
478 3495 538 3560 uiri
561 3513 619 3562 nec
641 3513 703 3561 non
725 3493 861 3561 fiiicmm
884 3513 1032 3563 meorum.
1066 3496 1206 3578 Quodsi,
1231 3497 1315 3580 quod
1331 3498 1425 3574 absit,

187 3601 317 3684 aliquis,
341 3607 449 3682 preter
471 3600 555 3681 quod
577 3599 783 3682 precipimus,
807 3600 927 3683 egerit:
958 3601 1072 3667 irotum
1102 3601 1219 3671 bebest
1249 3602 1367 3668 trinum
1397 3611 1431 3670 et

189 3723 292 3773 unum
316 3705 428 3786 deum,
452 3711 485 3770 et
515 3711 656 3771 nostram
685 3703 939 3770 maledictionem
970 3713 1189 3788 consequatur.
1224 3707 1293 3774 Hec
1323 3708 1432 3776 obluta

186 3817 267 3880 sunt
289 3828 393 3877 coram
416 3808 540 3893 Duymo
562 3809 669 3892 priore
692 3815 724 3876 et
748 3808 885 3892 Georgio
907 3809 1086 3877 Vsdischa⁴.

279 3918 446 3995 Registrum
469 3917 589 3978 membr.
612 3917 653 3976 uti
677 3915 793 3977 videtur
817 3935 885 3977 seeo
907 3917 964 3977 XII
987 3919 1057 3978 olim
1079 3920 1248 3980 monasterii
1264 3938 1287 3982 s.
1305 3921 1386 3982 Petri
1401 3923 1432 3982 in

232 4007 304 4068 6616
319 4005 358 4065 cd
374 4005 528 4086 66166661,
552 4004 581 4063 in
597 4003 717 4064 archivo
741 4005 861 4081 capituli
884 4005 996 4081 Spslst.
1019 4023 1049 4081 p.
1069 4007 1125 4084 15,
1152 4009 1200 4068 16.
1224 4007 1432 4086 'Prsnssnmpt

232 4096 264 4154 in
285 4110 355 4153 msc.
374 4091 439 4153 cod.
456 4091 652 4152 bibliothocae
668 4091 751 4153 6666.
769 4092 870 4152 scient.
886 4093 1050 4168 Zegrcbiee
1066 4112 1109 4154 nr.
1127 4093 1256 4154 68761.
1274 4097 1325 4157 49.

275 4178 388 4240 Fsrlsti
404 4179 455 4239 IV.
473 4181 543 4240 323.
562 4177 705 4239 Currere:
721 4177 863 4240 Archivic
880 4181 1041 4256 capitolare
1057 4180 1086 4240 di
1102 4180 1233 4258 Speluto.
1250 4199 1279 4259 p.
1298 4183 1338 4243 59
1356 4181 1433 4244 cod.

231 4268 306 4344 ‹upt
323 4265 406 4327 661).
424 4266 448 4345 1,
467 4267 537 4326 166.

274 4353 396 4431 Annus,
420 4369 478 4428 quo
504 4352 759 4436 „memoratorium
774 4347 849 4412 hoc“
875 4351 986 4413 editum
1008 4358 1071 4432 est,
1095 4353 1250 4416 deducitur
1264 4372 1281 4416 c
1297 4357 1429 4433 prioratu

230 4440 395 4518 spalatensi
410 4439 508 4500 Duimi
524 4446 555 4500 et
569 4439 746 4516 truguriensi
762 4441 864 4517 Drsgi.
882 4439 918 4500 V.
935 4459 979 4500 nr.
998 4443 1134 4502 138-9.

225 4559 273 4615 ¹i.
291 4575 314 4616 6.
332 4557 455 4613 vslune
554 4555 711 4613 ’6616666
738 4557 789 4612 Die
814 4558 880 4613 sicr.
905 4555 1068 4614 Ortsnemen
1085 4573 1136 4615 ons
1153 4559 1291 4629 Appellat.
1311 4577 1355 4616 nr.
1374 4561 1435 4617 669.

190 4649 203 4681 ¹
221 4649 239 4702 i
259 4663 282 4702 e.
303 4645 438 4714 61611666,
457 4645 512 4700 urb.
531 4643 665 4712 Stlsbice‚
685 4643 804 4700 Stubictt
831 4643 899 4700 ibid.
918 4661 960 4699 nr.
978 4647 1038 4700 620.
1138 4647 1147 4676 ⁴
1166 4646 1184 4700 i.
1202 4661 1228 4701 e.
1246 4645 1373 4702 Vrbinia.
1393 4645 1432 4701 Cf.

188 4734 303 4792 sumo.
321 4733 373 4788 Die
390 4731 508 4802 Bildung
526 4731 575 4787 der
591 4729 658 4788 cleu.
676 4731 888 4788 Personennsm·
905 4747 947 4788 nr.
965 4735 1008 4787 66.

1313 4821 1332 4855 Ur
