<?xml version="1.0" encoding="UTF-8"?>
<!DOCTYPE html PUBLIC "-//W3C//DTD XHTML 1.0 Transitional//EN"
    "http://www.w3.org/TR/xhtml1/DTD/xhtml1-transitional.dtd">
<html xmlns="http://www.w3.org/1999/xhtml" xml:lang="en" lang="en">
 <head>
  <title>
</title>
<meta http-equiv="Content-Type" content="text/html;charset=utf-8" />
  <meta name='ocr-system' content='tesseract 3.04.00' />
  <meta name='ocr-capabilities' content='ocr_page ocr_carea ocr_par ocr_line ocrx_word'/>
</head>
<body>
  <div class='ocr_page' id='page_1' title='image "./documentahistor00ragoog_0067.png"; bbox 0 0 3480 5284; ppageno 0'>
   <div class='ocr_carea' id='block_1_1' title="bbox 163 615 822 806">
    <p class='ocr_par' dir='ltr' id='par_1_1' title="bbox 163 615 822 806">
     <span class='ocr_line' id='line_1_1' title="bbox 732 615 822 692; baseline -0.022 0"><span class='ocrx_word' id='word_1_1' title='bbox 732 615 822 692; x_wconf 80' lang='lat'><strong>20.</strong></span> 
     </span>
     <span class='ocr_line' id='line_1_2' title="bbox 163 741 430 806; baseline 0 0"><span class='ocrx_word' id='word_1_2' title='bbox 163 743 224 806; x_wconf 79' lang='lat' dir='ltr'><strong>ara</strong></span> <span class='ocrx_word' id='word_1_3' title='bbox 240 761 261 806; x_wconf 77' lang='lat' dir='ltr'><strong>a</strong></span> <span class='ocrx_word' id='word_1_4' title='bbox 276 743 322 806; x_wconf 83' lang='lat' dir='ltr'><strong>tto.</strong></span> <span class='ocrx_word' id='word_1_5' title='bbox 337 741 430 806; x_wconf 76' lang='lat' dir='ltr'><strong>laicus</strong></span> 
     </span>
    </p>
   </div>
   <div class='ocr_carea' id='block_1_2' title="bbox 150 896 1466 1437">
    <p class='ocr_par' dir='ltr' id='par_1_2' title="bbox 176 896 1397 1089">
     <span class='ocr_line' id='line_1_3' title="bbox 176 896 1397 985; baseline -0.002 -21"><span class='ocrx_word' id='word_1_6' title='bbox 176 897 328 966; x_wconf 69' lang='lat' dir='ltr'><strong>chortato</strong></span> <span class='ocrx_word' id='word_1_7' title='bbox 350 899 536 985; x_wconf 81' lang='lat' dir='ltr'><strong>donationis,</strong></span> <span class='ocrx_word' id='word_1_8' title='bbox 558 919 620 985; x_wconf 80' lang='lat' dir='ltr'><strong>pao</strong></span> <span class='ocrx_word' id='word_1_9' title='bbox 633 897 750 965; x_wconf 80' lang='lat' dir='ltr'><strong>nobiles</strong></span> <span class='ocrx_word' id='word_1_10' title='bbox 764 897 951 965; x_wconf 64' lang='lat' dir='ltr'><strong>audaeus</strong></span> <span class='ocrx_word' id='word_1_11' title='bbox 964 899 1150 964; x_wconf 72' lang='lat' dir='ltr'><strong>mouastera&#39;c</strong></span> <span class='ocrx_word' id='word_1_12' title='bbox 1163 917 1189 962; x_wconf 85' lang='lat' dir='ltr'><strong>s.</strong></span> <span class='ocrx_word' id='word_1_13' title='bbox 1209 896 1397 982; x_wconf 72' lang='lat' dir='ltr'><strong>ctrymponi</strong></span> 
     </span>
     <span class='ocr_line' id='line_1_4' title="bbox 336 1000 1207 1089; baseline 0 -19"><span class='ocrx_word' id='word_1_14' title='bbox 336 1023 429 1070; x_wconf 84' lang='lat' dir='ltr'><strong>suum</strong></span> <span class='ocrx_word' id='word_1_15' title='bbox 446 1004 631 1088; x_wconf 67' lang='lat' dir='ltr'><strong>pacationis</strong></span> <span class='ocrx_word' id='word_1_16' title='bbox 652 1005 702 1069; x_wconf 82' lang='lat' dir='ltr'><strong>ius</strong></span> <span class='ocrx_word' id='word_1_17' title='bbox 723 1005 758 1068; x_wconf 82' lang='lat' dir='ltr'><strong>io</strong></span> <span class='ocrx_word' id='word_1_18' title='bbox 778 1003 884 1068; x_wconf 78' lang='lat' dir='ltr'><strong>insuia</strong></span> <span class='ocrx_word' id='word_1_19' title='bbox 905 1000 1010 1089; x_wconf 77' lang='lat' dir='ltr'><strong>Silapo</strong></span> <span class='ocrx_word' id='word_1_20' title='bbox 1032 1001 1207 1070; x_wconf 74' lang='lat' dir='ltr'><strong>mmcduut.</strong></span> 
     </span>
    </p>

    <p class='ocr_par' dir='ltr' id='par_1_3' title="bbox 208 1111 1393 1228">
     <span class='ocr_line' id='line_1_5' title="bbox 208 1111 1393 1228; baseline -0.001 -18"><span class='ocrx_word' id='word_1_21' title='bbox 208 1143 365 1227; x_wconf 83' lang='lat' dir='ltr'><strong>Tempore</strong></span> <span class='ocrx_word' id='word_1_22' title='bbox 387 1142 494 1210; x_wconf 92' lang='lat' dir='ltr'><strong>domni</strong></span> <span class='ocrx_word' id='word_1_23' title='bbox 516 1141 614 1228; x_wconf 77' lang='lat' dir='ltr'><strong>bingii</strong></span> <span class='ocrx_word' id='word_1_24' title='bbox 635 1142 809 1212; x_wconf 84' lang='lat' dir='ltr'><strong>lederensis</strong></span> <span class='ocrx_word' id='word_1_25' title='bbox 839 1119 953 1227; x_wconf 80' lang='lat' dir='ltr'><strong>prioris</strong></span> <span class='ocrx_word' id='word_1_26' title='bbox 983 1161 1041 1226; x_wconf 91' lang='lat' dir='ltr'><strong>pro</strong></span> <span class='ocrx_word' id='word_1_27' title='bbox 1070 1111 1314 1210; x_wconf 81' lang='lat' dir='ltr'><strong>necessitatibus</strong></span> <span class='ocrx_word' id='word_1_28' title='bbox 1336 1162 1393 1226; x_wconf 90' lang='lat' dir='ltr'><strong>pn·</strong></span> 
     </span>
    </p>

    <p class='ocr_par' dir='ltr' id='par_1_4' title="bbox 150 1247 1466 1334">
     <span class='ocr_line' id='line_1_6' title="bbox 150 1247 1466 1334; baseline -0.005 -18"><span class='ocrx_word' id='word_1_29' title='bbox 150 1249 255 1334; x_wconf 87' lang='lat' dir='ltr'><strong>plicis</strong></span> <span class='ocrx_word' id='word_1_30' title='bbox 271 1247 406 1315; x_wconf 82' lang='lat' dir='ltr'><strong>&#39;inunmt</strong></span> <span class='ocrx_word' id='word_1_31' title='bbox 426 1247 556 1328; x_wconf 80' lang='lat' dir='ltr'><strong>uendite</strong></span> <span class='ocrx_word' id='word_1_32' title='bbox 579 1247 790 1330; x_wconf 82' lang='lat' dir='ltr'><strong>piscacionss:</strong></span> <span class='ocrx_word' id='word_1_33' title='bbox 815 1265 879 1314; x_wconf 86' lang='lat' dir='ltr'><strong>una</strong></span> <span class='ocrx_word' id='word_1_34' title='bbox 899 1247 932 1314; x_wconf 94' lang='lat' dir='ltr'><strong>in</strong></span> <span class='ocrx_word' id='word_1_35' title='bbox 953 1249 1056 1315; x_wconf 88' lang='lat' dir='ltr'><strong>insula</strong></span> <span class='ocrx_word' id='word_1_36' title='bbox 1072 1247 1218 1328; x_wconf 83' lang='lat' dir='ltr'><strong>Malata,²</strong></span> <span class='ocrx_word' id='word_1_37' title='bbox 1240 1247 1341 1314; x_wconf 86' lang='lat' dir='ltr'><strong>altera</strong></span> <span class='ocrx_word' id='word_1_38' title='bbox 1362 1247 1394 1313; x_wconf 95' lang='lat' dir='ltr'><strong>in</strong></span> <span class='ocrx_word' id='word_1_39' title='bbox 1462 1303 1466 1310; x_wconf 92' lang='lat'><em>.</em></span> 
     </span>
    </p>

    <p class='ocr_par' dir='ltr' id='par_1_5' title="bbox 165 1351 1394 1437">
     <span class='ocr_line' id='line_1_7' title="bbox 165 1351 1394 1437; baseline -0.004 -15"><span class='ocrx_word' id='word_1_40' title='bbox 165 1352 288 1437; x_wconf 78' lang='lat' dir='ltr'><strong>Silago⁹</strong></span> <span class='ocrx_word' id='word_1_41' title='bbox 310 1354 342 1418; x_wconf 96' lang='lat' dir='ltr'><strong>in</strong></span> <span class='ocrx_word' id='word_1_42' title='bbox 372 1353 455 1419; x_wconf 89' lang='lat' dir='ltr'><strong>ualle</strong></span> <span class='ocrx_word' id='word_1_43' title='bbox 484 1353 596 1419; x_wconf 87' lang='lat' dir='ltr'><strong>maiori</strong></span> <span class='ocrx_word' id='word_1_44' title='bbox 624 1352 724 1419; x_wconf 89' lang='lat' dir='ltr'><strong>sancti</strong></span> <span class='ocrx_word' id='word_1_45' title='bbox 745 1351 884 1420; x_wconf 86' lang='lat' dir='ltr'><strong>Uictoris</strong></span> <span class='ocrx_word' id='word_1_46' title='bbox 906 1372 944 1420; x_wconf 85' lang='lat' dir='ltr'><strong>ex</strong></span> <span class='ocrx_word' id='word_1_47' title='bbox 966 1359 1058 1437; x_wconf 88' lang='lat' dir='ltr'><strong>parte</strong></span> <span class='ocrx_word' id='word_1_48' title='bbox 1081 1353 1204 1432; x_wconf 69' lang='lat' dir='ltr'><strong>cluna,</strong></span> <span class='ocrx_word' id='word_1_49' title='bbox 1236 1369 1298 1436; x_wconf 77' lang='lat' dir='ltr'><strong>qne</strong></span> <span class='ocrx_word' id='word_1_50' title='bbox 1321 1369 1394 1420; x_wconf 88' lang='lat' dir='ltr'><strong>con-</strong></span> 
     </span>
    </p>
   </div>
   <div class='ocr_carea' id='block_1_3' title="bbox 163 1455 1492 1542">
    <p class='ocr_par' dir='ltr' id='par_1_6' title="bbox 163 1455 1492 1542">
     <span class='ocr_line' id='line_1_8' title="bbox 163 1455 1492 1542; baseline -0.003 -15"><span class='ocrx_word' id='word_1_51' title='bbox 163 1461 245 1527; x_wconf 89' lang='lat' dir='ltr'><strong>tinet</strong></span> <span class='ocrx_word' id='word_1_52' title='bbox 267 1477 285 1525; x_wconf 87' lang='lat' dir='ltr'><strong>a</strong></span> <span class='ocrx_word' id='word_1_53' title='bbox 307 1457 387 1536; x_wconf 82' lang='lat' dir='ltr'><strong>loco,</strong></span> <span class='ocrx_word' id='word_1_54' title='bbox 410 1457 464 1523; x_wconf 94' lang='lat' dir='ltr'><strong>ubi</strong></span> <span class='ocrx_word' id='word_1_55' title='bbox 487 1455 654 1542; x_wconf 75' lang='lat' dir='ltr'><strong>Megarns³</strong></span> <span class='ocrx_word' id='word_1_56' title='bbox 675 1457 796 1539; x_wconf 76' lang='lat' dir='ltr'><strong>diutnr,</strong></span> <span class='ocrx_word' id='word_1_57' title='bbox 820 1476 920 1539; x_wconf 88' lang='lat' dir='ltr'><strong>nsque</strong></span> <span class='ocrx_word' id='word_1_58' title='bbox 942 1459 982 1525; x_wconf 90' lang='lat' dir='ltr'><strong>ad</strong></span> <span class='ocrx_word' id='word_1_59' title='bbox 1004 1477 1106 1540; x_wconf 86' lang='lat' dir='ltr'><strong>casas,</strong></span> <span class='ocrx_word' id='word_1_60' title='bbox 1130 1476 1192 1542; x_wconf 80' lang='lat' dir='ltr'><strong>que</strong></span> <span class='ocrx_word' id='word_1_61' title='bbox 1214 1475 1272 1540; x_wconf 79' lang='lat' dir='ltr'><strong>sue</strong></span> <span class='ocrx_word' id='word_1_62' title='bbox 1293 1457 1394 1541; x_wconf 84' lang='lat' dir='ltr'><strong>pisca·</strong></span> <span class='ocrx_word' id='word_1_63' title='bbox 1489 1505 1492 1514; x_wconf 62' lang='grc'><strong>.</strong></span> 
     </span>
    </p>
   </div>
   <div class='ocr_carea' id='block_1_4' title="bbox 155 1562 1447 2172">
    <p class='ocr_par' dir='ltr' id='par_1_7' title="bbox 155 1562 1447 2172">
     <span class='ocr_line' id='line_1_9' title="bbox 166 1562 1447 1660; baseline -0.002 -30"><span class='ocrx_word' id='word_1_64' title='bbox 166 1565 264 1630; x_wconf 83' lang='lat' dir='ltr'><strong>aionis</strong></span> <span class='ocrx_word' id='word_1_65' title='bbox 287 1567 432 1645; x_wconf 83' lang='lat' dir='ltr'><strong>quartam</strong></span> <span class='ocrx_word' id='word_1_66' title='bbox 459 1562 640 1645; x_wconf 78' lang='lat' dir='ltr'><strong>porcionem</strong></span> <span class='ocrx_word' id='word_1_67' title='bbox 662 1581 697 1629; x_wconf 88' lang='lat' dir='ltr'><strong>se</strong></span> <span class='ocrx_word' id='word_1_68' title='bbox 718 1563 910 1630; x_wconf 72' lang='lat' dir='ltr'>habentibus</span> <span class='ocrx_word' id='word_1_69' title='bbox 939 1563 1015 1660; x_wconf 84' lang='lat' dir='ltr'><strong>dare</strong></span> <span class='ocrx_word' id='word_1_70' title='bbox 1037 1563 1198 1643; x_wconf 63' lang='lat' dir='ltr'><strong>solebant}</strong></span> <span class='ocrx_word' id='word_1_71' title='bbox 1215 1580 1311 1646; x_wconf 23' lang='lat' dir='ltr'><strong>*qnos</strong></span> <span class='ocrx_word' id='word_1_72' title='bbox 1332 1580 1397 1629; x_wconf 92' lang='lat' dir='ltr'><strong>non</strong></span> <span class='ocrx_word' id='word_1_73' title='bbox 1444 1643 1447 1650; x_wconf 90' lang='lat'>.</span> 
     </span>
     <span class='ocr_line' id='line_1_10' title="bbox 165 1666 1397 1752; baseline -0.002 -16"><span class='ocrx_word' id='word_1_74' title='bbox 165 1667 257 1752; x_wconf 86' lang='lat' dir='ltr'><strong>pauci</strong></span> <span class='ocrx_word' id='word_1_75' title='bbox 279 1667 499 1735; x_wconf 87' lang='lat' dir='ltr'><strong>Jaderensium</strong></span> <span class='ocrx_word' id='word_1_76' title='bbox 521 1666 645 1734; x_wconf 90' lang='lat' dir='ltr'><strong>nobiles</strong></span> <span class='ocrx_word' id='word_1_77' title='bbox 667 1673 810 1734; x_wconf 79' lang='lat' dir='ltr'><strong>emerant</strong></span> <span class='ocrx_word' id='word_1_78' title='bbox 830 1673 961 1751; x_wconf 86' lang='lat' dir='ltr'><strong>propter</strong></span> <span class='ocrx_word' id='word_1_79' title='bbox 983 1669 1272 1752; x_wconf 85' lang='lat' dir='ltr'><strong>quartampiscium</strong></span> <span class='ocrx_word' id='word_1_80' title='bbox 1294 1668 1397 1751; x_wconf 84' lang='lat' dir='ltr'><strong>poroi-</strong></span> 
     </span>
     <span class='ocr_line' id='line_1_11' title="bbox 164 1771 1396 1858; baseline -0.001 -18"><span class='ocrx_word' id='word_1_81' title='bbox 164 1791 266 1840; x_wconf 91' lang='lat' dir='ltr'><strong>onem.</strong></span> <span class='ocrx_word' id='word_1_82' title='bbox 290 1771 353 1840; x_wconf 87' lang='lat' dir='ltr'><strong>Sed</strong></span> <span class='ocrx_word' id='word_1_83' title='bbox 376 1771 451 1853; x_wconf 89' lang='lat' dir='ltr'><strong>quia</strong></span> <span class='ocrx_word' id='word_1_84' title='bbox 471 1789 547 1854; x_wconf 88' lang='lat' dir='ltr'><strong>sepe</strong></span> <span class='ocrx_word' id='word_1_85' title='bbox 568 1771 601 1837; x_wconf 92' lang='lat' dir='ltr'><strong>in</strong></span> <span class='ocrx_word' id='word_1_86' title='bbox 623 1771 778 1839; x_wconf 89' lang='lat' dir='ltr'><strong>diuisione</strong></span> <span class='ocrx_word' id='word_1_87' title='bbox 799 1772 932 1855; x_wconf 85' lang='lat' dir='ltr'><strong>piscium</strong></span> <span class='ocrx_word' id='word_1_88' title='bbox 951 1773 1126 1858; x_wconf 79' lang='lat' dir='ltr'><strong>litigabant,</strong></span> <span class='ocrx_word' id='word_1_89' title='bbox 1149 1780 1182 1840; x_wconf 91' lang='lat' dir='ltr'><strong>et</strong></span> <span class='ocrx_word' id='word_1_90' title='bbox 1203 1791 1239 1841; x_wconf 91' lang='lat' dir='ltr'><strong>so</strong></span> <span class='ocrx_word' id='word_1_91' title='bbox 1262 1773 1396 1840; x_wconf 90' lang='lat' dir='ltr'><strong>inuicem</strong></span> 
     </span>
     <span class='ocr_line' id='line_1_12' title="bbox 166 1876 1397 1962; baseline -0.002 -16"><span class='ocrx_word' id='word_1_92' title='bbox 166 1877 347 1946; x_wconf 75' lang='lat' dir='ltr'><strong>scindentes</strong></span> <span class='ocrx_word' id='word_1_93' title='bbox 370 1885 404 1945; x_wconf 90' lang='lat' dir='ltr'><strong>et</strong></span> <span class='ocrx_word' id='word_1_94' title='bbox 426 1877 576 1944; x_wconf 78' lang='lat' dir='ltr'><strong>cedentes</strong></span> <span class='ocrx_word' id='word_1_95' title='bbox 597 1876 795 1944; x_wconf 87' lang='lat' dir='ltr'><strong>lacerabant:</strong></span> <span class='ocrx_word' id='word_1_96' title='bbox 827 1876 929 1945; x_wconf 77' lang='lat' dir='ltr'><strong>didus</strong></span> <span class='ocrx_word' id='word_1_97' title='bbox 950 1879 1037 1962; x_wconf 88' lang='lat' dir='ltr'><strong>prior</strong></span> <span class='ocrx_word' id='word_1_98' title='bbox 1059 1895 1130 1944; x_wconf 90' lang='lat' dir='ltr'><strong>cum</strong></span> <span class='ocrx_word' id='word_1_99' title='bbox 1152 1879 1217 1945; x_wconf 90' lang='lat' dir='ltr'><strong>suis</strong></span> <span class='ocrx_word' id='word_1_100' title='bbox 1238 1878 1397 1945; x_wconf 89' lang='lat' dir='ltr'><strong>nobilibus</strong></span> 
     </span>
     <span class='ocr_line' id='line_1_13' title="bbox 155 1969 1395 2064; baseline -0.002 -14"><span class='ocrx_word' id='word_1_101' title='bbox 155 1969 255 2050; x_wconf 76' lang='lat' dir='ltr'><strong>&#39;inuit</strong></span> <span class='ocrx_word' id='word_1_102' title='bbox 277 1982 457 2064; x_wconf 80' lang='lat' dir='ltr'><strong>consssium,</strong></span> <span class='ocrx_word' id='word_1_103' title='bbox 492 2000 553 2064; x_wconf 90' lang='lat' dir='ltr'><strong>quo</strong></span> <span class='ocrx_word' id='word_1_104' title='bbox 576 1981 647 2064; x_wconf 86' lang='lat' dir='ltr'><strong>ipsa</strong></span> <span class='ocrx_word' id='word_1_105' title='bbox 675 1981 810 2063; x_wconf 86' lang='lat' dir='ltr'><strong>piscacio</strong></span> <span class='ocrx_word' id='word_1_106' title='bbox 833 1983 964 2048; x_wconf 86' lang='lat' dir='ltr'><strong>daretur</strong></span> <span class='ocrx_word' id='word_1_107' title='bbox 985 1982 1175 2051; x_wconf 88' lang='lat' dir='ltr'><strong>monasterio</strong></span> <span class='ocrx_word' id='word_1_108' title='bbox 1195 1982 1282 2049; x_wconf 88' lang='lat' dir='ltr'><strong>beati</strong></span> <span class='ocrx_word' id='word_1_109' title='bbox 1304 1979 1395 2048; x_wconf 80' lang='lat' dir='ltr'><strong>Chri·</strong></span> 
     </span>
     <span class='ocr_line' id='line_1_14' title="bbox 165 2083 1398 2172; baseline -0.002 -18"><span class='ocrx_word' id='word_1_110' title='bbox 165 2089 277 2172; x_wconf 84' lang='lat' dir='ltr'><strong>sogoni</strong></span> <span class='ocrx_word' id='word_1_111' title='bbox 300 2083 435 2154; x_wconf 82' lang='lat' dir='ltr'><strong>Christi⁴</strong></span> <span class='ocrx_word' id='word_1_112' title='bbox 457 2086 604 2153; x_wconf 88' lang='lat' dir='ltr'><strong>martiris.</strong></span> <span class='ocrx_word' id='word_1_113' title='bbox 640 2085 732 2165; x_wconf 84' lang='lat' dir='ltr'><strong>Quod</strong></span> <span class='ocrx_word' id='word_1_114' title='bbox 755 2091 788 2153; x_wconf 90' lang='lat' dir='ltr'><strong>et</strong></span> <span class='ocrx_word' id='word_1_115' title='bbox 808 2085 927 2152; x_wconf 86' lang='lat' dir='ltr'><strong>factum</strong></span> <span class='ocrx_word' id='word_1_116' title='bbox 949 2093 1010 2166; x_wconf 88' lang='lat' dir='ltr'><strong>sst;</strong></span> <span class='ocrx_word' id='word_1_117' title='bbox 1042 2105 1115 2152; x_wconf 89' lang='lat' dir='ltr'><strong>narn</strong></span> <span class='ocrx_word' id='word_1_118' title='bbox 1137 2087 1244 2154; x_wconf 89' lang='lat' dir='ltr'><strong>statim</strong></span> <span class='ocrx_word' id='word_1_119' title='bbox 1266 2091 1398 2153; x_wconf 87' lang='lat' dir='ltr'><strong>uenerat</strong></span> 
     </span>
    </p>
   </div>
   <div class='ocr_carea' id='block_1_5' title="bbox 77 2189 1396 2274">
    <p class='ocr_par' dir='ltr' id='par_1_8' title="bbox 77 2189 1396 2274">
     <span class='ocr_line' id='line_1_15' title="bbox 77 2189 1396 2274; baseline -0.005 -12"><span class='ocrx_word' id='word_1_120' title='bbox 77 2255 80 2262; x_wconf 90' lang='lat'>.</span> <span class='ocrx_word' id='word_1_121' title='bbox 166 2193 207 2259; x_wconf 83' lang='lat' dir='ltr'><strong>ad</strong></span> <span class='ocrx_word' id='word_1_122' title='bbox 230 2191 395 2259; x_wconf 88' lang='lat' dir='ltr'><strong>ecclesiam</strong></span> <span class='ocrx_word' id='word_1_123' title='bbox 425 2189 573 2274; x_wconf 81' lang='lat' dir='ltr'><strong>prephati</strong></span> <span class='ocrx_word' id='word_1_124' title='bbox 601 2191 739 2256; x_wconf 83' lang='lat' dir='ltr'><strong>martiris</strong></span> <span class='ocrx_word' id='word_1_125' title='bbox 762 2208 831 2257; x_wconf 92' lang='lat' dir='ltr'><strong>curn</strong></span> <span class='ocrx_word' id='word_1_126' title='bbox 855 2191 993 2273; x_wconf 87' lang='lat' dir='ltr'><strong>cartula,</strong></span> <span class='ocrx_word' id='word_1_127' title='bbox 1022 2191 1054 2256; x_wconf 91' lang='lat' dir='ltr'><strong>in</strong></span> <span class='ocrx_word' id='word_1_128' title='bbox 1077 2211 1140 2274; x_wconf 87' lang='lat' dir='ltr'><strong>qua</strong></span> <span class='ocrx_word' id='word_1_129' title='bbox 1160 2191 1286 2260; x_wconf 91' lang='lat' dir='ltr'><strong>illorum</strong></span> <span class='ocrx_word' id='word_1_130' title='bbox 1308 2191 1396 2257; x_wconf 92' lang='lat' dir='ltr'><strong>nobi·</strong></span> 
     </span>
    </p>
   </div>
   <div class='ocr_carea' id='block_1_6' title="bbox 165 2293 1399 3219">
    <p class='ocr_par' dir='ltr' id='par_1_9' title="bbox 165 2293 1399 3219">
     <span class='ocr_line' id='line_1_16' title="bbox 165 2293 1399 2381; baseline 0 -18"><span class='ocrx_word' id='word_1_131' title='bbox 165 2297 242 2364; x_wconf 85' lang='lat' dir='ltr'><strong>hum</strong></span> <span class='ocrx_word' id='word_1_132' title='bbox 263 2297 391 2364; x_wconf 88' lang='lat' dir='ltr'><strong>nomina</strong></span> <span class='ocrx_word' id='word_1_133' title='bbox 421 2296 540 2378; x_wconf 85' lang='lat' dir='ltr'><strong>scripta</strong></span> <span class='ocrx_word' id='word_1_134' title='bbox 570 2293 789 2375; x_wconf 83' lang='lat' dir='ltr'><strong>habebantnr3</strong></span> <span class='ocrx_word' id='word_1_135' title='bbox 822 2314 916 2381; x_wconf 89' lang='lat' dir='ltr'><strong>quam</strong></span> <span class='ocrx_word' id='word_1_136' title='bbox 938 2303 1086 2380; x_wconf 86' lang='lat' dir='ltr'><strong>presente</strong></span> <span class='ocrx_word' id='word_1_137' title='bbox 1109 2295 1234 2364; x_wconf 90' lang='lat' dir='ltr'><strong>domino</strong></span> <span class='ocrx_word' id='word_1_138' title='bbox 1258 2296 1399 2365; x_wconf 84' lang='lat' dir='ltr'><strong>Tresone</strong></span> 
     </span>
     <span class='ocr_line' id='line_1_17' title="bbox 165 2399 1397 2487; baseline -0.002 -18"><span class='ocrx_word' id='word_1_139' title='bbox 165 2403 281 2469; x_wconf 78' lang='lat' dir='ltr'><strong>abbate</strong></span> <span class='ocrx_word' id='word_1_140' title='bbox 304 2402 431 2487; x_wconf 87' lang='lat' dir='ltr'><strong>suisque</strong></span> <span class='ocrx_word' id='word_1_141' title='bbox 454 2399 606 2467; x_wconf 86' lang='lat' dir='ltr'><strong>iratribus</strong></span> <span class='ocrx_word' id='word_1_142' title='bbox 629 2407 804 2484; x_wconf 89' lang='lat' dir='ltr'><strong>posuerunt</strong></span> <span class='ocrx_word' id='word_1_143' title='bbox 831 2421 928 2486; x_wconf 90' lang='lat' dir='ltr'><strong>anper</strong></span> <span class='ocrx_word' id='word_1_144' title='bbox 950 2408 1093 2469; x_wconf 86' lang='lat' dir='ltr'><strong>sanctum</strong></span> <span class='ocrx_word' id='word_1_145' title='bbox 1115 2401 1217 2470; x_wconf 87' lang='lat' dir='ltr'><strong>altare</strong></span> <span class='ocrx_word' id='word_1_146' title='bbox 1240 2401 1397 2469; x_wconf 89' lang='lat' dir='ltr'><strong>dicentes:</strong></span> 
     </span>
     <span class='ocr_line' id='line_1_18' title="bbox 165 2504 1397 2590; baseline -0.002 -16"><span class='ocrx_word' id='word_1_147' title='bbox 165 2505 327 2574; x_wconf 82' lang='lat' dir='ltr'><strong>offerimus</strong></span> <span class='ocrx_word' id='word_1_148' title='bbox 348 2506 415 2584; x_wconf 85' lang='lat' dir='ltr'><strong>tihi,</strong></span> <span class='ocrx_word' id='word_1_149' title='bbox 438 2505 620 2572; x_wconf 86' lang='lat' dir='ltr'><strong>beatissime</strong></span> <span class='ocrx_word' id='word_1_150' title='bbox 642 2504 836 2590; x_wconf 79' lang='lat' dir='ltr'><strong>Chrisogoue</strong></span> <span class='ocrx_word' id='word_1_151' title='bbox 854 2508 973 2588; x_wconf 82' lang='lat' dir='ltr'><strong>martir,</strong></span> <span class='ocrx_word' id='word_1_152' title='bbox 997 2524 1054 2590; x_wconf 90' lang='lat' dir='ltr'><strong>pro</strong></span> <span class='ocrx_word' id='word_1_153' title='bbox 1070 2507 1209 2576; x_wconf 88' lang='lat' dir='ltr'><strong>remedio</strong></span> <span class='ocrx_word' id='word_1_154' title='bbox 1224 2507 1397 2573; x_wconf 86' lang='lat' dir='ltr'><strong>animarum</strong></span> 
     </span>
     <span class='ocr_line' id='line_1_19' title="bbox 165 2609 1398 2694; baseline 0.002 -17"><span class='ocrx_word' id='word_1_155' title='bbox 165 2615 346 2678; x_wconf 87' lang='lat' dir='ltr'><strong>nostrarum</strong></span> <span class='ocrx_word' id='word_1_156' title='bbox 375 2615 484 2690; x_wconf 70' lang='lat' dir='ltr'><strong>nosue</strong></span> <span class='ocrx_word' id='word_1_157' title='bbox 515 2609 644 2693; x_wconf 80' lang='lat' dir='ltr'><strong>hempte</strong></span> <span class='ocrx_word' id='word_1_158' title='bbox 676 2611 861 2694; x_wconf 87' lang='lat' dir='ltr'><strong>piscacionis</strong></span> <span class='ocrx_word' id='word_1_159' title='bbox 883 2631 1004 2678; x_wconf 89' lang='lat' dir='ltr'><strong>munus.</strong></span> <span class='ocrx_word' id='word_1_160' title='bbox 1036 2612 1077 2679; x_wconf 88' lang='lat' dir='ltr'><strong>Et</strong></span> <span class='ocrx_word' id='word_1_161' title='bbox 1101 2613 1129 2678; x_wconf 93' lang='lat' dir='ltr'><strong>si</strong></span> <span class='ocrx_word' id='word_1_162' title='bbox 1150 2612 1227 2679; x_wconf 89' lang='lat' dir='ltr'><strong>illud</strong></span> <span class='ocrx_word' id='word_1_163' title='bbox 1250 2613 1319 2694; x_wconf 81' lang='lat' dir='ltr'><strong>ptris</strong></span> <span class='ocrx_word' id='word_1_164' title='bbox 1343 2629 1398 2680; x_wconf 92' lang='lat' dir='ltr'><strong>no·</strong></span> 
     </span>
     <span class='ocr_line' id='line_1_20' title="bbox 167 2711 1397 2810; baseline 0 -28"><span class='ocrx_word' id='word_1_165' title='bbox 167 2711 381 2782; x_wconf 88' lang='lat' dir='ltr'><strong>strorum&#39;nel</strong></span> <span class='ocrx_word' id='word_1_166' title='bbox 403 2713 546 2792; x_wconf 86' lang='lat' dir='ltr'><strong>aliorum,</strong></span> <span class='ocrx_word' id='word_1_167' title='bbox 570 2717 717 2798; x_wconf 79' lang='lat' dir='ltr'><strong>superbie</strong></span> <span class='ocrx_word' id='word_1_168' title='bbox 740 2717 852 2810; x_wconf 82' lang='lat' dir='ltr'><strong>spiritu</strong></span> <span class='ocrx_word' id='word_1_169' title='bbox 874 2715 1012 2797; x_wconf 88' lang='lat' dir='ltr'><strong>inflatus,</strong></span> <span class='ocrx_word' id='word_1_170' title='bbox 1036 2736 1056 2783; x_wconf 89' lang='lat' dir='ltr'><strong>a</strong></span> <span class='ocrx_word' id='word_1_171' title='bbox 1075 2723 1131 2784; x_wconf 89' lang='lat' dir='ltr'><strong>tuo</strong></span> <span class='ocrx_word' id='word_1_172' title='bbox 1154 2735 1244 2785; x_wconf 91' lang='lat' dir='ltr'><strong>sacro</strong></span> <span class='ocrx_word' id='word_1_173' title='bbox 1268 2716 1397 2785; x_wconf 84' lang='lat' dir='ltr'><strong>cenobio</strong></span> 
     </span>
     <span class='ocr_line' id='line_1_21' title="bbox 166 2820 1398 2906; baseline 0.002 -20"><span class='ocrx_word' id='word_1_174' title='bbox 166 2820 219 2888; x_wconf 92' lang='lat' dir='ltr'><strong>uel</strong></span> <span class='ocrx_word' id='word_1_175' title='bbox 241 2820 281 2886; x_wconf 90' lang='lat' dir='ltr'><strong>ab</strong></span> <span class='ocrx_word' id='word_1_176' title='bbox 304 2837 412 2888; x_wconf 83' lang='lat' dir='ltr'><strong>eorum</strong></span> <span class='ocrx_word' id='word_1_177' title='bbox 435 2823 602 2902; x_wconf 80' lang='lat' dir='ltr'><strong>potestate,</strong></span> <span class='ocrx_word' id='word_1_178' title='bbox 641 2822 696 2902; x_wconf 87' lang='lat' dir='ltr'><strong>qui</strong></span> <span class='ocrx_word' id='word_1_179' title='bbox 719 2822 776 2888; x_wconf 90' lang='lat' dir='ltr'><strong>tibi</strong></span> <span class='ocrx_word' id='word_1_180' title='bbox 797 2822 830 2888; x_wconf 94' lang='lat' dir='ltr'><strong>in</strong></span> <span class='ocrx_word' id='word_1_181' title='bbox 857 2823 926 2906; x_wconf 91' lang='lat' dir='ltr'><strong>ipso</strong></span> <span class='ocrx_word' id='word_1_182' title='bbox 950 2822 1178 2903; x_wconf 87' lang='lat' dir='ltr'><strong>deseruierint,</strong></span> <span class='ocrx_word' id='word_1_183' title='bbox 1209 2822 1398 2890; x_wconf 86' lang='lat' dir='ltr'><strong>subtrahere</strong></span> 
     </span>
     <span class='ocr_line' id='line_1_22' title="bbox 165 2925 1397 3008; baseline 0.001 -16"><span class='ocrx_word' id='word_1_184' title='bbox 165 2925 382 3008; x_wconf 88' lang='lat' dir='ltr'><strong>temptauerit,</strong></span> <span class='ocrx_word' id='word_1_185' title='bbox 410 2925 489 2991; x_wconf 90' lang='lat' dir='ltr'><strong>iram</strong></span> <span class='ocrx_word' id='word_1_186' title='bbox 511 2925 737 3008; x_wconf 88' lang='lat' dir='ltr'><strong>omnipotentis</strong></span> <span class='ocrx_word' id='word_1_187' title='bbox 762 2927 813 2993; x_wconf 89' lang='lat' dir='ltr'><strong>dai</strong></span> <span class='ocrx_word' id='word_1_188' title='bbox 835 2927 977 2993; x_wconf 88' lang='lat' dir='ltr'><strong>incurrat</strong></span> <span class='ocrx_word' id='word_1_189' title='bbox 998 2932 1032 2995; x_wconf 87' lang='lat' dir='ltr'><strong>et</strong></span> <span class='ocrx_word' id='word_1_190' title='bbox 1054 2933 1266 2996; x_wconf 73' lang='lat' dir='ltr'><strong>humatorum</strong></span> <span class='ocrx_word' id='word_1_191' title='bbox 1288 2927 1397 2995; x_wconf 87' lang='lat' dir='ltr'><strong>decern</strong></span> 
     </span>
     <span class='ocr_line' id='line_1_23' title="bbox 167 3023 1399 3112; baseline 0.002 -16"><span class='ocrx_word' id='word_1_192' title='bbox 167 3035 201 3096; x_wconf 90' lang='lat' dir='ltr'><strong>et</strong></span> <span class='ocrx_word' id='word_1_193' title='bbox 223 3035 294 3096; x_wconf 89' lang='lat' dir='ltr'><strong>octo</strong></span> <span class='ocrx_word' id='word_1_194' title='bbox 316 3035 442 3112; x_wconf 87' lang='lat' dir='ltr'><strong>patrum</strong></span> <span class='ocrx_word' id='word_1_195' title='bbox 464 3028 721 3098; x_wconf 78' lang='lat' dir='ltr'><strong>maledictionem</strong></span> <span class='ocrx_word' id='word_1_196' title='bbox 743 3031 861 3098; x_wconf 87' lang='lat' dir='ltr'><strong>habeat</strong></span> <span class='ocrx_word' id='word_1_197' title='bbox 881 3038 914 3100; x_wconf 89' lang='lat' dir='ltr'><strong>et</strong></span> <span class='ocrx_word' id='word_1_198' title='bbox 926 3033 959 3097; x_wconf 93' lang='lat' dir='ltr'><strong>in</strong></span> <span class='ocrx_word' id='word_1_199' title='bbox 974 3031 1146 3099; x_wconf 89' lang='lat' dir='ltr'><strong>nouissimo</strong></span> <span class='ocrx_word' id='word_1_200' title='bbox 1162 3032 1213 3099; x_wconf 90' lang='lat' dir='ltr'><strong>die</strong></span> <span class='ocrx_word' id='word_1_201' title='bbox 1229 3023 1298 3099; x_wconf 83' lang='lat' dir='ltr'><strong>oum</strong></span> <span class='ocrx_word' id='word_1_202' title='bbox 1314 3032 1399 3098; x_wconf 86' lang='lat' dir='ltr'><strong>Juda</strong></span> 
     </span>
     <span class='ocr_line' id='line_1_24' title="bbox 166 3133 1060 3219; baseline 0.001 -18"><span class='ocrx_word' id='word_1_203' title='bbox 166 3133 324 3203; x_wconf 85' lang='lat' dir='ltr'><strong>traditore</strong></span> <span class='ocrx_word' id='word_1_204' title='bbox 346 3133 552 3217; x_wconf 85' lang='lat' dir='ltr'><strong>omnibusque</strong></span> <span class='ocrx_word' id='word_1_205' title='bbox 574 3135 690 3218; x_wconf 83' lang='lat' dir='ltr'><strong>iniqrris</strong></span> <span class='ocrx_word' id='word_1_206' title='bbox 711 3134 867 3208; x_wconf 83' lang='lat' dir='ltr'><strong>internum</strong></span> <span class='ocrx_word' id='word_1_207' title='bbox 889 3137 1060 3219; x_wconf 85' lang='lat' dir='ltr'><strong>possideat.</strong></span> 
     </span>
    </p>
   </div>
   <div class='ocr_carea' id='block_1_7' title="bbox 209 3237 1510 3328">
    <p class='ocr_par' dir='ltr' id='par_1_10' title="bbox 209 3237 1510 3328">
     <span class='ocr_line' id='line_1_25' title="bbox 209 3237 1510 3328; baseline 0.001 -22"><span class='ocrx_word' id='word_1_208' title='bbox 209 3237 322 3306; x_wconf 75' lang='lat' dir='ltr'><strong>haum</strong></span> <span class='ocrx_word' id='word_1_209' title='bbox 344 3244 395 3307; x_wconf 86' lang='lat' dir='ltr'><strong>est</strong></span> <span class='ocrx_word' id='word_1_210' title='bbox 415 3239 476 3305; x_wconf 91' lang='lat' dir='ltr'><strong>hoo</strong></span> <span class='ocrx_word' id='word_1_211' title='bbox 497 3244 642 3322; x_wconf 88' lang='lat' dir='ltr'><strong>tempore</strong></span> <span class='ocrx_word' id='word_1_212' title='bbox 664 3258 761 3322; x_wconf 86' lang='lat' dir='ltr'><strong>supra</strong></span> <span class='ocrx_word' id='word_1_213' title='bbox 790 3239 874 3306; x_wconf 87' lang='lat' dir='ltr'><strong>dicto</strong></span> <span class='ocrx_word' id='word_1_214' title='bbox 897 3242 938 3309; x_wconf 86' lang='lat' dir='ltr'><strong>ab</strong></span> <span class='ocrx_word' id='word_1_215' title='bbox 960 3242 1009 3308; x_wconf 92' lang='lat' dir='ltr'><strong>his</strong></span> <span class='ocrx_word' id='word_1_216' title='bbox 1031 3241 1216 3325; x_wconf 88' lang='lat' dir='ltr'><strong>subscriptis</strong></span> <span class='ocrx_word' id='word_1_217' title='bbox 1238 3240 1397 3308; x_wconf 91' lang='lat' dir='ltr'><strong>nobilibus</strong></span> <span class='ocrx_word' id='word_1_218' title='bbox 1506 3317 1510 3328; x_wconf 30' lang='lat'>¹</span> 
     </span>
    </p>
   </div>
   <div class='ocr_carea' id='block_1_8' title="bbox 165 3335 1450 3951">
    <p class='ocr_par' dir='ltr' id='par_1_11' title="bbox 165 3335 1450 3951">
     <span class='ocr_line' id='line_1_26' title="bbox 165 3335 1396 3428; baseline -0.002 -16"><span class='ocrx_word' id='word_1_219' title='bbox 165 3361 205 3412; x_wconf 85' lang='lat' dir='ltr'><strong>ac</strong></span> <span class='ocrx_word' id='word_1_220' title='bbox 225 3343 372 3425; x_wconf 86' lang='lat' dir='ltr'><strong>testibus,</strong></span> <span class='ocrx_word' id='word_1_221' title='bbox 395 3335 539 3428; x_wconf 81' lang='lat' dir='ltr'><strong>inprimis</strong></span> <span class='ocrx_word' id='word_1_222' title='bbox 561 3343 711 3412; x_wconf 89' lang='lat' dir='ltr'><strong>uidelicet</strong></span> <span class='ocrx_word' id='word_1_223' title='bbox 732 3344 836 3411; x_wconf 88' lang='lat' dir='ltr'><strong>Maius</strong></span> <span class='ocrx_word' id='word_1_224' title='bbox 858 3343 976 3426; x_wconf 80' lang='lat' dir='ltr'><strong>Jadere</strong></span> <span class='ocrx_word' id='word_1_225' title='bbox 998 3345 1101 3428; x_wconf 90' lang='lat' dir='ltr'><strong>prior,</strong></span> <span class='ocrx_word' id='word_1_226' title='bbox 1132 3352 1220 3413; x_wconf 85' lang='lat' dir='ltr'><strong>actor</strong></span> <span class='ocrx_word' id='word_1_227' title='bbox 1242 3351 1275 3413; x_wconf 90' lang='lat' dir='ltr'><strong>et</strong></span> <span class='ocrx_word' id='word_1_228' title='bbox 1295 3345 1396 3414; x_wconf 89' lang='lat' dir='ltr'><strong>testis.</strong></span> 
     </span>
     <span class='ocr_line' id='line_1_27' title="bbox 166 3447 1397 3534; baseline 0 -18"><span class='ocrx_word' id='word_1_229' title='bbox 166 3447 324 3516; x_wconf 88' lang='lat' dir='ltr'><strong>Domnius</strong></span> <span class='ocrx_word' id='word_1_230' title='bbox 345 3449 501 3528; x_wconf 90' lang='lat' dir='ltr'><strong>tribunus,</strong></span> <span class='ocrx_word' id='word_1_231' title='bbox 524 3447 721 3518; x_wconf 83' lang='lat' dir='ltr'><strong>Theodosius</strong></span> <span class='ocrx_word' id='word_1_232' title='bbox 743 3450 897 3528; x_wconf 88' lang='lat' dir='ltr'><strong>tribunus,</strong></span> <span class='ocrx_word' id='word_1_233' title='bbox 921 3455 1044 3518; x_wconf 86' lang='lat' dir='ltr'><strong>actores</strong></span> <span class='ocrx_word' id='word_1_234' title='bbox 1066 3456 1100 3518; x_wconf 89' lang='lat' dir='ltr'><strong>et</strong></span> <span class='ocrx_word' id='word_1_235' title='bbox 1121 3455 1229 3518; x_wconf 87' lang='lat' dir='ltr'><strong>testes.</strong></span> <span class='ocrx_word' id='word_1_236' title='bbox 1255 3450 1397 3534; x_wconf 87' lang='lat' dir='ltr'><strong>Lampri-</strong></span> 
     </span>
     <span class='ocr_line' id='line_1_28' title="bbox 167 3537 1398 3638; baseline 0.001 -18"><span class='ocrx_word' id='word_1_237' title='bbox 167 3553 239 3622; x_wconf 89' lang='lat' dir='ltr'><strong>dius</strong></span> <span class='ocrx_word' id='word_1_238' title='bbox 259 3553 416 3638; x_wconf 88' lang='lat' dir='ltr'><strong>tribunus,</strong></span> <span class='ocrx_word' id='word_1_239' title='bbox 438 3557 528 3621; x_wconf 86' lang='lat' dir='ltr'><strong>actor</strong></span> <span class='ocrx_word' id='word_1_240' title='bbox 550 3559 584 3620; x_wconf 90' lang='lat' dir='ltr'><strong>et</strong></span> <span class='ocrx_word' id='word_1_241' title='bbox 606 3554 708 3620; x_wconf 89' lang='lat' dir='ltr'><strong>testis.</strong></span> <span class='ocrx_word' id='word_1_242' title='bbox 731 3553 845 3622; x_wconf 89' lang='lat' dir='ltr'><strong>Petrus</strong></span> <span class='ocrx_word' id='word_1_243' title='bbox 866 3537 1020 3634; x_wconf 86' lang='lat' dir='ltr'><strong>tribunus,</strong></span> <span class='ocrx_word' id='word_1_244' title='bbox 1042 3553 1145 3624; x_wconf 89' lang='lat' dir='ltr'><strong>testis.</strong></span> <span class='ocrx_word' id='word_1_245' title='bbox 1173 3553 1278 3624; x_wconf 89' lang='lat' dir='ltr'><strong>Maius</strong></span> <span class='ocrx_word' id='word_1_246' title='bbox 1299 3555 1398 3622; x_wconf 89' lang='lat' dir='ltr'><strong>tribu·</strong></span> 
     </span>
     <span class='ocr_line' id='line_1_29' title="bbox 165 3657 1398 3741; baseline 0.002 -17"><span class='ocrx_word' id='word_1_247' title='bbox 165 3675 233 3736; x_wconf 85' lang='lat' dir='ltr'><strong>nus,</strong></span> <span class='ocrx_word' id='word_1_248' title='bbox 251 3659 353 3726; x_wconf 85' lang='lat' dir='ltr'><strong>testis.</strong></span> <span class='ocrx_word' id='word_1_249' title='bbox 377 3657 484 3725; x_wconf 88' lang='lat' dir='ltr'><strong>Dabro</strong></span> <span class='ocrx_word' id='word_1_250' title='bbox 500 3657 599 3726; x_wconf 86' lang='lat' dir='ltr'><strong>irater</strong></span> <span class='ocrx_word' id='word_1_251' title='bbox 614 3657 693 3734; x_wconf 85' lang='lat' dir='ltr'><strong>eius,</strong></span> <span class='ocrx_word' id='word_1_252' title='bbox 716 3657 816 3725; x_wconf 86' lang='lat' dir='ltr'><strong>testis.</strong></span> <span class='ocrx_word' id='word_1_253' title='bbox 840 3657 966 3726; x_wconf 89' lang='lat' dir='ltr'><strong>Ursana</strong></span> <span class='ocrx_word' id='word_1_254' title='bbox 981 3660 1135 3741; x_wconf 87' lang='lat' dir='ltr'><strong>tribunus,</strong></span> <span class='ocrx_word' id='word_1_255' title='bbox 1157 3660 1260 3728; x_wconf 89' lang='lat' dir='ltr'><strong>testis.</strong></span> <span class='ocrx_word' id='word_1_256' title='bbox 1283 3660 1398 3728; x_wconf 86' lang='lat' dir='ltr'><strong>Petrus</strong></span> 
     </span>
     <span class='ocr_line' id='line_1_30' title="bbox 167 3759 1395 3856; baseline 0.001 -28"><span class='ocrx_word' id='word_1_257' title='bbox 167 3762 323 3829; x_wconf 87' lang='lat' dir='ltr'><strong>tribunus.</strong></span> <span class='ocrx_word' id='word_1_258' title='bbox 357 3761 463 3829; x_wconf 91' lang='lat' dir='ltr'><strong>Barba</strong></span> <span class='ocrx_word' id='word_1_259' title='bbox 484 3761 639 3830; x_wconf 89' lang='lat' dir='ltr'><strong>tribunus.</strong></span> <span class='ocrx_word' id='word_1_260' title='bbox 673 3761 846 3846; x_wconf 87' lang='lat' dir='ltr'><strong>Nilryiorus</strong></span> <span class='ocrx_word' id='word_1_261' title='bbox 867 3763 1022 3830; x_wconf 90' lang='lat' dir='ltr'><strong>tribunus.</strong></span> <span class='ocrx_word' id='word_1_262' title='bbox 1056 3759 1395 3856; x_wconf 78' lang='lat' dir='ltr'><strong>lohannes&#39;tribunus.</strong></span> 
     </span>
     <span class='ocr_line' id='line_1_31' title="bbox 166 3865 1450 3951; baseline 0.002 -17"><span class='ocrx_word' id='word_1_263' title='bbox 166 3866 259 3934; x_wconf 87' lang='lat' dir='ltr'><strong>Plato</strong></span> <span class='ocrx_word' id='word_1_264' title='bbox 283 3866 447 3934; x_wconf 63' lang='lat' dir='ltr'><strong>tribunus„</strong></span> <span class='ocrx_word' id='word_1_265' title='bbox 472 3865 516 3934; x_wconf 86' lang='lat' dir='ltr'><strong>Hi</strong></span> <span class='ocrx_word' id='word_1_266' title='bbox 539 3885 638 3950; x_wconf 85' lang='lat' dir='ltr'><strong>supra</strong></span> <span class='ocrx_word' id='word_1_267' title='bbox 659 3866 768 3951; x_wconf 88' lang='lat' dir='ltr'><strong>scripti</strong></span> <span class='ocrx_word' id='word_1_268' title='bbox 797 3871 831 3934; x_wconf 88' lang='lat' dir='ltr'><strong>et</strong></span> <span class='ocrx_word' id='word_1_269' title='bbox 859 3867 1001 3935; x_wconf 89' lang='lat' dir='ltr'><strong>nonnulli</strong></span> <span class='ocrx_word' id='word_1_270' title='bbox 1023 3867 1077 3935; x_wconf 87' lang='lat' dir='ltr'><strong>alii</strong></span> <span class='ocrx_word' id='word_1_271' title='bbox 1098 3867 1319 3936; x_wconf 85' lang='lat' dir='ltr'><strong>Jaderensium</strong></span> <span class='ocrx_word' id='word_1_272' title='bbox 1341 3888 1398 3938; x_wconf 90' lang='lat' dir='ltr'><strong>no·</strong></span> <span class='ocrx_word' id='word_1_273' title='bbox 1447 3903 1450 3908; x_wconf 95' lang='lat'>·</span> 
     </span>
    </p>
   </div>
   <div class='ocr_carea' id='block_1_9' title="bbox 34 3961 856 4070">
    <p class='ocr_par' dir='ltr' id='par_1_12' title="bbox 34 3961 856 4070">
     <span class='ocr_line' id='line_1_32' title="bbox 34 3961 856 4070; baseline 0.005 -36"><span class='ocrx_word' id='word_1_274' title='bbox 34 4027 38 4034; x_wconf 92' lang='lat'><em>.</em></span> <span class='ocrx_word' id='word_1_275' title='bbox 164 3971 246 4039; x_wconf 89' lang='lat' dir='ltr'><strong>biles</strong></span> <span class='ocrx_word' id='word_1_276' title='bbox 265 3961 358 4038; x_wconf 89' lang='lat' dir='ltr'><strong>huius</strong></span> <span class='ocrx_word' id='word_1_277' title='bbox 381 3972 427 4038; x_wconf 90' lang='lat' dir='ltr'><strong>rei</strong></span> <span class='ocrx_word' id='word_1_278' title='bbox 448 3977 572 4040; x_wconf 87' lang='lat' dir='ltr'><strong>actores</strong></span> <span class='ocrx_word' id='word_1_279' title='bbox 593 3977 628 4038; x_wconf 91' lang='lat' dir='ltr'><strong>et</strong></span> <span class='ocrx_word' id='word_1_280' title='bbox 649 3965 751 4070; x_wconf 81' lang='lat' dir='ltr'><strong>testes</strong></span> <span class='ocrx_word' id='word_1_281' title='bbox 772 3977 856 4038; x_wconf 85' lang='lat' dir='ltr'><strong>sunt</strong></span> 
     </span>
    </p>
   </div>
   <div class='ocr_carea' id='block_1_10' title="bbox 208 4095 1398 4792">
    <p class='ocr_par' dir='ltr' id='par_1_13' title="bbox 208 4095 1398 4438">
     <span class='ocr_line' id='line_1_33' title="bbox 254 4095 1398 4179; baseline 0.003 -22"><span class='ocrx_word' id='word_1_282' title='bbox 254 4095 426 4160; x_wconf 79' lang='lat' dir='ltr'><strong>Membrana</strong></span> <span class='ocrx_word' id='word_1_283' title='bbox 449 4096 553 4157; x_wconf 83' lang='lat' dir='ltr'><strong>litteris</strong></span> <span class='ocrx_word' id='word_1_284' title='bbox 574 4097 693 4172; x_wconf 78' lang='lat' dir='ltr'><strong>longob.</strong></span> <span class='ocrx_word' id='word_1_285' title='bbox 710 4097 818 4176; x_wconf 83' lang='lat' dir='ltr'><strong>seculi,</strong></span> <span class='ocrx_word' id='word_1_286' title='bbox 840 4098 882 4159; x_wconf 91' lang='lat' dir='ltr'><strong>nti</strong></span> <span class='ocrx_word' id='word_1_287' title='bbox 897 4097 1030 4176; x_wconf 88' lang='lat' dir='ltr'><strong>videtur,</strong></span> <span class='ocrx_word' id='word_1_288' title='bbox 1058 4099 1100 4160; x_wconf 83' lang='lat' dir='ltr'><strong>Xl</strong></span> <span class='ocrx_word' id='word_1_289' title='bbox 1114 4101 1163 4160; x_wconf 85' lang='lat' dir='ltr'><strong>vel</strong></span> <span class='ocrx_word' id='word_1_290' title='bbox 1177 4099 1245 4179; x_wconf 84' lang='lat' dir='ltr'>XII,</span> <span class='ocrx_word' id='word_1_291' title='bbox 1261 4099 1290 4160; x_wconf 94' lang='lat' dir='ltr'><strong>in</strong></span> <span class='ocrx_word' id='word_1_292' title='bbox 1305 4101 1398 4161; x_wconf 84' lang='lat' dir='ltr'><strong>veteri</strong></span> 
     </span>
     <span class='ocr_line' id='line_1_34' title="bbox 209 4181 1397 4266; baseline 0.003 -22"><span class='ocrx_word' id='word_1_293' title='bbox 209 4182 329 4244; x_wconf 80' lang='lat' dir='ltr'><strong>archivo</strong></span> <span class='ocrx_word' id='word_1_294' title='bbox 349 4201 376 4244; x_wconf 88' lang='lat' dir='ltr'><strong>c.</strong></span> <span class='ocrx_word' id='word_1_295' title='bbox 391 4200 417 4243; x_wconf 89' lang='grc' dir='ltr'><strong>ι.</strong></span> <span class='ocrx_word' id='word_1_296' title='bbox 439 4181 552 4244; x_wconf 87' lang='lat' dir='ltr'><strong>consilii</strong></span> <span class='ocrx_word' id='word_1_297' title='bbox 574 4183 693 4244; x_wconf 88' lang='lat' dir='ltr'><strong>locumt.</strong></span> <span class='ocrx_word' id='word_1_298' title='bbox 717 4183 861 4246; x_wconf 72' lang='lat' dir='ltr'><strong>haduae:</strong></span> <span class='ocrx_word' id='word_1_299' title='bbox 884 4189 950 4247; x_wconf 79' lang='lat' dir='ltr'><strong>acta</strong></span> <span class='ocrx_word' id='word_1_300' title='bbox 971 4186 1138 4246; x_wconf 81' lang='lat' dir='ltr'><strong>monasterii</strong></span> <span class='ocrx_word' id='word_1_301' title='bbox 1160 4203 1185 4246; x_wconf 84' lang='lat' dir='ltr'><strong>s.</strong></span> <span class='ocrx_word' id='word_1_302' title='bbox 1204 4185 1397 4266; x_wconf 75' lang='lat' dir='ltr'><strong>Chrysogoni,</strong></span> 
     </span>
     <span class='ocr_line' id='line_1_35' title="bbox 209 4267 1397 4352; baseline 0.003 -21"><span class='ocrx_word' id='word_1_303' title='bbox 209 4287 289 4348; x_wconf 80' lang='lat' dir='ltr'><strong>caps,</strong></span> <span class='ocrx_word' id='word_1_304' title='bbox 306 4269 387 4348; x_wconf 85' lang='lat' dir='ltr'>XIV,</span> <span class='ocrx_word' id='word_1_305' title='bbox 410 4286 507 4330; x_wconf 84' lang='lat' dir='ltr'><strong>masso</strong></span> <span class='ocrx_word' id='word_1_306' title='bbox 521 4267 559 4331; x_wconf 83' lang='grc' dir='ltr'><strong>Α.</strong></span> <span class='ocrx_word' id='word_1_307' title='bbox 574 4287 619 4330; x_wconf 87' lang='grc' dir='ltr'><strong>ιι.</strong></span> <span class='ocrx_word' id='word_1_308' title='bbox 636 4271 688 4332; x_wconf 87' lang='grc'><strong>34.</strong></span> <span class='ocrx_word' id='word_1_309' title='bbox 703 4269 918 4348; x_wconf 69' lang='lat' dir='ltr'><strong>apographum</strong></span> <span class='ocrx_word' id='word_1_310' title='bbox 934 4271 1014 4333; x_wconf 85' lang='lat' dir='ltr'><strong>aliud</strong></span> <span class='ocrx_word' id='word_1_311' title='bbox 1029 4271 1098 4334; x_wconf 87' lang='lat' dir='ltr'><strong>ibid.</strong></span> <span class='ocrx_word' id='word_1_312' title='bbox 1116 4291 1197 4350; x_wconf 86' lang='lat' dir='ltr'><strong>caps.</strong></span> <span class='ocrx_word' id='word_1_313' title='bbox 1213 4273 1237 4352; x_wconf 88' lang='lat'><strong>1,</strong></span> <span class='ocrx_word' id='word_1_314' title='bbox 1252 4290 1341 4334; x_wconf 83' lang='lat' dir='ltr'><strong>mass.</strong></span> <span class='ocrx_word' id='word_1_315' title='bbox 1358 4273 1397 4334; x_wconf 86' lang='grc' dir='ltr'><strong>Η.</strong></span> 
     </span>
     <span class='ocr_line' id='line_1_36' title="bbox 208 4355 778 4438; baseline 0.007 -21"><span class='ocrx_word' id='word_1_316' title='bbox 208 4375 251 4418; x_wconf 87' lang='lat' dir='ltr'><strong>nr.</strong></span> <span class='ocrx_word' id='word_1_317' title='bbox 271 4359 299 4436; x_wconf 79' lang='lat'><strong>7,</strong></span> <span class='ocrx_word' id='word_1_318' title='bbox 315 4373 346 4434; x_wconf 92' lang='lat' dir='ltr'><strong>p.·</strong></span> <span class='ocrx_word' id='word_1_319' title='bbox 362 4357 392 4418; x_wconf 81' lang='lat'><strong>5.</strong></span> <span class='ocrx_word' id='word_1_320' title='bbox 410 4355 481 4419; x_wconf 79' lang='lat' dir='ltr'><strong>(lod.</strong></span> <span class='ocrx_word' id='word_1_321' title='bbox 498 4355 568 4435; x_wconf 91' lang='lat' dir='ltr'><strong>dipl.</strong></span> <span class='ocrx_word' id='word_1_322' title='bbox 587 4355 670 4418; x_wconf 82' lang='lat' dir='ltr'><strong>OSD.</strong></span> <span class='ocrx_word' id='word_1_323' title='bbox 685 4358 710 4438; x_wconf 92' lang='lat'><strong>1,</strong></span> <span class='ocrx_word' id='word_1_324' title='bbox 727 4359 778 4421; x_wconf 83' lang='lat'><strong>95.</strong></span> 
     </span>
    </p>

    <p class='ocr_par' dir='ltr' id='par_1_14' title="bbox 208 4442 1398 4792">
     <span class='ocr_line' id='line_1_37' title="bbox 251 4442 1398 4522; baseline 0.004 -19"><span class='ocrx_word' id='word_1_325' title='bbox 251 4444 285 4504; x_wconf 92' lang='lat' dir='ltr'><strong>In</strong></span> <span class='ocrx_word' id='word_1_326' title='bbox 293 4443 351 4505; x_wconf 90' lang='lat' dir='ltr'><strong>hoc</strong></span> <span class='ocrx_word' id='word_1_327' title='bbox 359 4442 532 4505; x_wconf 87' lang='lat' dir='ltr'><strong>documento</strong></span> <span class='ocrx_word' id='word_1_328' title='bbox 541 4443 713 4506; x_wconf 82' lang='lat' dir='ltr'><strong>eademiere</strong></span> <span class='ocrx_word' id='word_1_329' title='bbox 721 4462 798 4522; x_wconf 78' lang='lat' dir='ltr'><strong>quae</strong></span> <span class='ocrx_word' id='word_1_330' title='bbox 806 4444 836 4505; x_wconf 92' lang='lat' dir='ltr'><strong>in</strong></span> <span class='ocrx_word' id='word_1_331' title='bbox 851 4444 943 4522; x_wconf 86' lang='lat' dir='ltr'><strong>priori</strong></span> <span class='ocrx_word' id='word_1_332' title='bbox 957 4447 1011 4507; x_wconf 88' lang='lat' dir='ltr'><strong>sub</strong></span> <span class='ocrx_word' id='word_1_333' title='bbox 1025 4463 1088 4507; x_wconf 90' lang='lat' dir='ltr'><strong>nro.</strong></span> <span class='ocrx_word' id='word_1_334' title='bbox 1101 4442 1265 4508; x_wconf 73' lang='lat' dir='ltr'><strong>litantium</strong></span> <span class='ocrx_word' id='word_1_335' title='bbox 1280 4447 1398 4508; x_wconf 84' lang='lat' dir='ltr'><strong>nomina</strong></span> 
     </span>
     <span class='ocr_line' id='line_1_38' title="bbox 208 4529 1395 4612; baseline 0.004 -22"><span class='ocrx_word' id='word_1_336' title='bbox 208 4530 326 4608; x_wconf 79' lang='lat' dir='ltr'><strong>signata</strong></span> <span class='ocrx_word' id='word_1_337' title='bbox 339 4531 533 4609; x_wconf 85' lang='lat' dir='ltr'><strong>reperiuntur.</strong></span> <span class='ocrx_word' id='word_1_338' title='bbox 549 4531 609 4593; x_wconf 80' lang='lat' dir='ltr'><strong>Sed</strong></span> <span class='ocrx_word' id='word_1_339' title='bbox 623 4529 735 4593; x_wconf 66' lang='lat' dir='ltr'><strong>urdine</strong></span> <span class='ocrx_word' id='word_1_340' title='bbox 750 4531 822 4593; x_wconf 89' lang='lat' dir='ltr'><strong>iilud</strong></span> <span class='ocrx_word' id='word_1_341' title='bbox 839 4531 949 4592; x_wconf 86' lang='lat' dir='ltr'><strong>editum</strong></span> <span class='ocrx_word' id='word_1_342' title='bbox 968 4531 1058 4594; x_wconf 84' lang='lat' dir='ltr'><strong>inisse</strong></span> <span class='ocrx_word' id='word_1_343' title='bbox 1072 4537 1154 4610; x_wconf 81' lang='lat' dir='ltr'><strong>patet</strong></span> <span class='ocrx_word' id='word_1_344' title='bbox 1168 4551 1206 4595; x_wconf 88' lang='lat' dir='ltr'><strong>ex</strong></span> <span class='ocrx_word' id='word_1_345' title='bbox 1221 4551 1267 4612; x_wconf 88' lang='lat' dir='ltr'><strong>so,</strong></span> <span class='ocrx_word' id='word_1_346' title='bbox 1283 4533 1353 4610; x_wconf 83' lang='lat' dir='ltr'><strong>qnia</strong></span> <span class='ocrx_word' id='word_1_347' title='bbox 1367 4552 1395 4595; x_wconf 78' lang='lat' dir='ltr'><strong>a.</strong></span> 
     </span>
     <span class='ocr_line' id='line_1_39' title="bbox 210 4617 1396 4699; baseline 0.003 -20"><span class='ocrx_word' id='word_1_348' title='bbox 210 4619 271 4679; x_wconf 85' lang='grc'><strong>986</strong></span> <span class='ocrx_word' id='word_1_349' title='bbox 288 4619 382 4680; x_wconf 78' lang='lat' dir='ltr'><strong>abbas</strong></span> <span class='ocrx_word' id='word_1_350' title='bbox 396 4635 419 4680; x_wconf 84' lang='lat' dir='ltr'><strong>s.</strong></span> <span class='ocrx_word' id='word_1_351' title='bbox 437 4617 620 4697; x_wconf 72' lang='lat' dir='ltr'><strong>Chrysogoni</strong></span> <span class='ocrx_word' id='word_1_352' title='bbox 635 4619 751 4682; x_wconf 80' lang='lat' dir='ltr'><strong>liadim</strong></span> <span class='ocrx_word' id='word_1_353' title='bbox 773 4619 841 4699; x_wconf 85' lang='lat' dir='ltr'><strong>init,</strong></span> <span class='ocrx_word' id='word_1_354' title='bbox 864 4623 965 4681; x_wconf 88' lang='lat' dir='ltr'><strong>nostro</strong></span> <span class='ocrx_word' id='word_1_355' title='bbox 986 4636 1058 4680; x_wconf 85' lang='lat' dir='ltr'><strong>vero</strong></span> <span class='ocrx_word' id='word_1_356' title='bbox 1077 4621 1107 4681; x_wconf 90' lang='lat' dir='ltr'><strong>in</strong></span> <span class='ocrx_word' id='word_1_357' title='bbox 1127 4624 1194 4684; x_wconf 83' lang='lat' dir='ltr'><strong>aeto</strong></span> <span class='ocrx_word' id='word_1_358' title='bbox 1209 4621 1304 4683; x_wconf 75' lang='lat' dir='ltr'><strong>&#39;ihaso</strong></span> <span class='ocrx_word' id='word_1_359' title='bbox 1320 4637 1396 4682; x_wconf 89' lang='lat' dir='ltr'><strong>com-</strong></span> 
     </span>
     <span class='ocr_line' id='line_1_40' title="bbox 208 4705 1395 4792; baseline 0.002 -26"><span class='ocrx_word' id='word_1_360' title='bbox 208 4709 396 4768; x_wconf 83' lang='lat' dir='ltr'><strong>memoratur.</strong></span> <span class='ocrx_word' id='word_1_361' title='bbox 420 4706 515 4768; x_wconf 86' lang='lat' dir='ltr'><strong>Huius</strong></span> <span class='ocrx_word' id='word_1_362' title='bbox 537 4706 654 4783; x_wconf 86' lang='lat' dir='ltr'><strong>quidem</strong></span> <span class='ocrx_word' id='word_1_363' title='bbox 676 4708 801 4769; x_wconf 86' lang='lat' dir='ltr'><strong>nominis</strong></span> <span class='ocrx_word' id='word_1_364' title='bbox 823 4707 917 4769; x_wconf 75' lang='lat' dir='ltr'><strong>abhas</strong></span> <span class='ocrx_word' id='word_1_365' title='bbox 939 4706 969 4767; x_wconf 87' lang='lat' dir='ltr'><strong>in</strong></span> <span class='ocrx_word' id='word_1_366' title='bbox 984 4705 1049 4767; x_wconf 83' lang='lat' dir='ltr'><strong>aliis</strong></span> <span class='ocrx_word' id='word_1_367' title='bbox 1065 4708 1152 4768; x_wconf 78' lang='lat' dir='ltr'><strong>etiam</strong></span> <span class='ocrx_word' id='word_1_368' title='bbox 1168 4709 1241 4770; x_wconf 78' lang='lat' dir='ltr'><strong>actis</strong></span> <span class='ocrx_word' id='word_1_369' title='bbox 1256 4725 1291 4792; x_wconf 28' lang='lat' dir='ltr'><strong>a..</strong></span> <span class='ocrx_word' id='word_1_370' title='bbox 1303 4709 1395 4786; x_wconf 75' lang='lat'>1029,</span> 
     </span>
    </p>
   </div>
   <div class='ocr_carea' id='block_1_11' title="bbox 0 0 1746 5284">
    <p class='ocr_par' dir='ltr' id='par_1_15' title="bbox 0 0 1746 5284">
     <span class='ocr_line' id='line_1_41' title="bbox 0 0 1746 5284; baseline 0 0"><span class='ocrx_word' id='word_1_371' title='bbox 0 0 1746 5284; x_wconf 95' lang='lat' dir='ltr'><strong> </strong></span> 
     </span>
    </p>
   </div>
  </div>
 </body>
</html>
