3572 5276
839 582 867 642 2.

229 730 411 798 Dalmatiae
432 733 542 798 arbes:
574 732 761 817 Itaqueiam,
786 731 991 816 Spalatlrum,
1020 730 1224 816 Trapurium,
1251 732 1424 796 datiarum
1446 737 1474 798 et

230 833 370 920 Jadera,
399 837 470 901 itan
492 837 613 902 imulae
642 836 749 921 Vecta,
773 835 868 915 Arba,
896 833 1030 920 Opnnrn,
1055 835 1300 920 Ικιοιδνίοαικιιι,
1324 837 1472 920 aliaeque.

272 989 315 1056 Οἱ
337 983 370 1055 δὲ
392 996 488 1056 λοιποὶ
503 990 648 1079 Ῥωμᾶνοι
663 997 700 1064 εις
715 992 756 1055 τοὶ
778 1002 834 1067 τῆς
908 992 1034 1060 Caeteri
1058 1010 1133 1058 vera
1165 993 1299 1058 Romani
1329 993 1361 1057 in
1400 1011 1475 1058 orae

232 1097 378 1184 παραλίας
409 1095 522 1185 κᾶστρα
552 1087 755 1172 διεσώθησαν,
786 1100 837 1160 καὶ
870 1099 1045 1164 rrranitiruae
1077 1097 1203 1180 oppidis
1234 1098 1350 1163 servati
1382 1102 1473 1179 sunt3

230 1197 314 1288 μέγρι
335 1210 390 1264 τοῦ
405 1210 453 1264 νῦν
468 1210 620 1288 κρατοῦσιν
636 1199 724 1263 αὐτόν
749 1199 836 1263 ἅτινά
866 1219 968 1282 eaque
991 1202 1162 1266 etiamnum
1187 1208 1305 1266 tenent.
1331 1200 1375 1264 Et
1398 1207 1473 1264 sunt

230 1309 282 1368 εἰσι
303 1295 379 1368 τάδε
400 1303 531 1393 κάστρα,
566 1305 603 1368 τὰ
626 1303 767 1383 Ῥαοῦσιν,
799 1304 836 1367 τὰ
866 1305 945 1370 ista:
978 1306 1142 1388 Rausium‚
1166 1303 1386 1386 Aspalathurn‚
1412 1303 1473 1368 Te·

236 1406 447 1492 Ἀσπάλαδον,
474 1409 512 1492 τὸ
535 1407 766 1498 Τιτραγγοὺριν,
798 1407 839 1471 τοὶ
870 1409 1077 1491 trangurium,
1098 1408 1248 1487 Diadora,
1265 1409 1359 1486 Arba,
1375 1407 1475 1474 Veela

230 1502 377 1597 Διάδωρα.
400 1511 539 1600 mppr,
562 1511 699 1584 ἠΒέκλα
720 1511 835 1576 καὶτὰ
865 1520 898 1580 et
921 1511 1055 1596 Opem,
1080 1530 1253 1594 eorumque
1275 1511 1473 1578 habitatores

229 1610 363 1702 ’Όψαρα
401 1608 442 1678 ὢν
479 1625 564 1679 τινῶν
603 1619 654 1680 καὶ
690 1616 836 1702 οἰκήτορες
864 1618 897 1681 in
912 1616 1099 1683 hodiernum
1119 1634 1220 1697 usque
1238 1615 1322 1681 diem
1338 1617 1473 1684 Romani

233 1717 317 1806 μέχρι
345 1729 400 1782 τοῦ
420 1728 468 1782 νῦν
491 1723 517 1784 οἱ
539 1717 683 1808 Ῥωμᾶνοι
712 1723 838 1816 καλοῦν·
869 1720 1112 1803 appellantur..
1128 1765 1157 1785 ·.

231 1846 301 1888 ται.
317 1871 346 1888 ..
908 1824 995 1890 Urbs
1017 1821 1250 1889 ΙλιιιιοίιιιιιἩ
1276 1842 1337 1888 non
1362 1823 1471 1905 appel-

275 1923 353 1989 Ὀτι
366 1926 404 1988 τὸ
425 1926 597 2014 κάστρον
620 1937 689 1990 τοῦ
710 1925 836 1992 Ῥαου-
867 1929 952 1995 latur
973 1929 1127 1994 Rausium
1143 1927 1269 1992 Graeca
1290 1927 1398 2010 lingua
1416 1927 1474 1991 sed

233 2029 350 2092 σίου”
367 2033 401 2093 οὐ
416 2034 553 2095 καλιιται
566 2029 692 2103 'Peraean
708 2041 749 2116 τῇ
764 2030 838 2094 ‘Pa-
868 2035 944 2115 quia
977 2034 1009 2097 in
1044 2032 1122 2099 loeis
1154 2034 1335 2114 praeruptis
1369 2031 1474 2112 posita

233 2134 327 2221 parare
357 2124 524 2216 διαλέκτῳ,
552 2135 619 2198 ἀλλ’
647 2137 709 2198 ἐπεὶ
739 2135 840 2199 ἐπάνω
870 2142 935 2214 est;
962 2136 1183 2218 praecipitium
1205 2153 1320 2217 graece
1344 2142 1474 2201 vocatur

231 2246 292 2300 τῶν
322 2247 455 2326 κρημνῶν
484 2239 622 2313 ἵσταται,
653 2237 774 2327 λέγεται
805 2229 839 2302 δὲ
867 2243 936 2319 nan,
960 2240 1044 2305 unde
1066 2239 1282 2306 inhabitantes
1302 2239 1473 2318 nuncupati

232 2340 395 2429 Ῥωμαϊστὶ
410 2346 426 2404 ὁ
441 2342 568 2429 κρημνὸς
581 2345 648 2426 λαῦ,
664 2343 838 2414 ἐκλήθησαν
868 2351 943 2409 sunt
963 2344 1109 2420 Lausaet
1134 2344 1166 2408 id
1186 2351 1238 2408 est
1252 2343 1472 2424 praecipitium

233 2448 267 2510 ὲκ
285 2446 395 2509 τούτου
413 2445 560 2510 Ααυσαῖοι
581 2447 672 2534 ἤγουν
695 2451 721 2509 οἱ
743 2449 838 2510 καθε-
868 2447 1053 2514 insidentes.
1077 2448 1258 2514 Communis
1281 2466 1357 2512 vero
1384 2465 1472 2526 usne,

232 2550 345 2637 ζόμενα
367 2556 405 2623 εἰς
426 2551 479 2613 τὸν
505 2551 639 2638 κρημνόν.
662 2550 681 2622 ἡ
703 2541 736 2614 δὲ
756 2551 837 2622 κοινὴ
867 2553 921 2634 qui
956 2571 1053 2634 saepe
1087 2553 1264 2618 litterarum
1299 2555 1471 2616 commuta-

232 2655 382 2734 συνήθεια,
405 2653 583 2728 ἠπολλάκις
599 2656 837 2744 μεταρδείρουσα
867 2658 954 2722 unna
978 2658 1105 2722 nomina
1124 2657 1309 2739 eorrumpit,
1334 2673 1473 2720 eommu-

232 2780 275 2821 τα
261 2757 424 2844 ὀνόματα
442 2769 482 2843 τῇ
501 2760 651 2850 ἑναλλανῇ
665 2769 725 2822 τῶν
744 2782 838 2848 apap-
868 2766 936 2826 tato
959 2761 1085 2826 nornine
1107 2760 1273 2824 nausaeos
1290 2759 1472 2840 appellavit.

232 2860 353 2948 μάτων,
397 2862 610 2950 μεταβαλοῦσα
645 2864 701 2934 τὴν
739 2867 841 2933 κλῆσιν
870 2862 976 2945 Atque
1007 2863 1081 2928 hi
1072 2863 1133 2946 lpsi
1156 2862 1296 2928 Rausaei
1319 2863 1393 2928 olim
1427 2869 1474 2927 te-

231 2963 419 3039 Ῥαουσαίους
440 2989 564 3041 τουτους
586 2966 733 3031 ἐκάλεσεν·
758 2959 837 3032 οἱδὲ
823 2966 1006 3034 ὲιιιιοιιιιιι
992 2968 1146 3034 turbem
1170 2967 1369 3050 Epidaurum
1395 2985 1473 3030 nnn-

235 3071 321 3132 αυτοὶ
343 3067 507 3133 Ῥαουσοΐιοι
535 3069 573 3133 τὰ
602 3071 729 3134 παλαιὸν
754 3070 839 3158 ἐκρά-
870 3077 1034 3153 tapetam
1058 3078 1093 3137 at
1114 3079 1228 3152 postea
1244 3089 1315 3136 eum
1333 3071 1474 3152 reliquae

234 3194 304 3236 τουν
337 3172 375 3235 τὸ
405 3171 531 3260 κάστρον
564 3174 601 3236 τὸ
635 3175 839 3261 ἐπιλεγόμενον
870 3176 965 3242 urbes
988 3181 1187 3258 expugnatae
1212 3181 1319 3242 esseut
1342 3194 1362 3240 a
1383 3175 1472 3240 Sela-

233 3273 379 3362 [Ιίταυρα
401 3277 449 3338 καὶ
468 3266 578 3362 ἐπειδή,
594 3279 680 3348 ἡνίκα
695 3279 737 3342 τοὶ
751 3277 841 3342 λοιποὶ
872 3279 935 3360 vis,
973 3279 1025 3361 qui
1056 3279 1087 3342 in
1120 3278 1181 3346 hoe
1214 3279 1354 3346 themate
1388 3287 1472 3359 sunt,

233 3380 444 3467 ἐκρατήθησαν
456 3381 571 3468 κάστρα
582 3381 730 3468 ταράτῶν
738 3380 839 3445 Σκλά-
870 3383 949 3450 hana
980 3383 1076 3448 etiam
1104 3384 1179 3450 urbs
1210 3383 1251 3448 ab
1279 3382 1356 3464 ipsis
1379 3389 1474 3464 capta

233 3485 293 3564 βων
307 3493 368 3546 τῶν
387 3481 481 3548 ὄντων
496 3485 526 3548 ἐν
540 3493 586 3567 τῷ
607 3485 730 3572 δέραισι,
754 3487 838 3572 ἐκρα-
867 3485 945 3566 iuit3
969 3493 1002 3552 et
1024 3487 1138 3551 civium
1155 3487 1209 3552 alii
1225 3487 1352 3569 quidem
1375 3487 1474 3551 inter-

233 3587 319 3660 πήδη
341 3591 391 3651 καὶ
413 3589 451 3652 τὰ
472 3597 606 3652 τοιοῦτον
631 3587 766 3675 κάστρον,
789 3591 839 3653 καὶ
869 3589 944 3656 faeti
976 3589 1066 3658 suere
1098 3591 1150 3656 alii
1173 3608 1249 3658 vero
1279 3590 1312 3655 in
1343 3591 1474 3657 vinculis

234 3693 261 3753 οἱ
291 3689 344 3778 μὲν
374 3692 544 3782 ἐσφάγησαν
573 3695 600 3756 οἱ
630 3685 663 3756 δὲ
695 3695 839 3781 ᾐχμαλω-
871 3694 1009 3760 abducti.
1033 3694 1092 3772 Qui
1115 3701 1221 3760 autem
1245 3695 1321 3779 iuga
1339 3695 1474 3762 salutern

233 3795 393 3870 τίσθησαν,
416 3799 442 3858 οἱ
464 3785 497 3858 δὲ
519 3787 695 3870 δυνηθέντα
710 3799 843 3884 ἐκφυγεῖν
872 3799 1014 3864 invenire
1025 3803 1206 3882 potnerunt,
1219 3798 1289 3865 loca
1301 3805 1474 3880 praerupta

234 3900 284 3962 aad
305 3887 488 3970 διασυιδοναι
503 3905 540 3973 εἰς
554 3901 623 3974 τοὺς
641 3902 840 3988 ὐποκρήμνους
869 3903 1096 3980 inhabitarunt,
1119 3902 1175 3966 ubi
1205 3919 1290 3966 nune
1312 3904 1387 3968 urbs
1414 3908 1473 3982 est,

234 4002 344 4076 τόπους
367 4003 562 4086 κατῴκησαν,
593 4005 622 4066 ἐν
645 3997 669 4084 ᾧ
689 4009 767 4068 ἔστιν
789 4009 838 4093 ἀρ-
869 4007 970 4089 primo
994 4007 1138 4090 exiguam
1161 4005 1248 4070 illam
1268 4003 1473 4074 aedificantes

235 4107 305 4179 τίυς
341 4105 379 4170 τὰ
411 4105 554 4193 κάστρον,
598 4097 842 4194 οἰκοδομήσαντα
871 4115 906 4177 et
927 4117 1040 4191 postea
1062 4110 1226 4191 maiorem,
1254 4127 1326 4174 mox
1349 4127 1474 4174 rursum

235 4209 312 4272 αὐτὰ
327 4209 464 4298 πρότερον
478 4210 575 4296 μικρὰν
590 4213 640 4274 καὶ
657 4209 746 4273 πάλιν
761 4211 840 4298 μετὰ
870 4220 904 4278 et
925 4221 1071 4294 quartum
1102 4212 1256 4295 paulatim
1279 4218 1372 4278 aneta
1393 4213 1475 4277 mul·

235 4322 337 4378 ταῦτα
359 4313 463 4400 μεῖζον,
486 4316 537 4376 καὶ
552 4314 631 4394 μετὰ
646 4324 737 4378 τοῦτο
752 4314 840 4379 πάλιν
870 4317 1006 4382 titudine
1029 4318 1172 4398 pomeria
1190 4317 1401 4398 protulerunt.
1425 4317 1475 4382 Ex

236 4418 273 4481 τὰ
303 4429 401 4504 τεῖχος
431 4420 523 4481 αὐτοῦ
553 4417 731 4501 αὐξήσαντα
760 4417 842 4506 μέχρι
873 4419 911 4483 iis
935 4427 1060 4499 autern,
1090 4420 1144 4501 qui
1168 4419 1296 4485 aliunde
1320 4419 1474 4502 demigra-

237 4512 263 4584 δ’
284 4527 360 4608 ἔχειν
389 4521 427 4585 τὰ
448 4520 574 4608 κάστρον
597 4513 645 4586 διὰ
667 4522 704 4584 τὰ
726 4521 842 4584 πλατύ-
872 4532 947 4588 runt
969 4523 1151 4606 llagusium,
1176 4523 1208 4586 hi
1231 4527 1323 4591 sunt:
1354 4521 1475 4606 Grego-

237 4625 341 4687 νισθσιι
363 4625 469 4700 αὐτοὺς
490 4625 559 4689 κατ’
577 4625 675 4713 ὀλίγον
696 4628 746 4688 καὶ
767 4629 845 4697 πλη·
875 4627 943 4692 rius
950 4675 960 4712 ,
983 4625 1175 4708 Arsuphiua,
1198 4625 1398 4704 Victorinus,
1421 4625 1477 4691 Vi·

1329 4733 1371 4796 26
