3494 5410
1341 461 1401 526 125

213 659 307 728 Nunc
329 677 405 726 uero
427 659 538 728 ecdem
561 659 673 738 scribo,
697 677 759 742 que
776 660 809 725 ln
823 659 967 728 domibus
983 661 1053 728 sine
1066 661 1160 730 terris
1175 663 1227 730 uel
1242 674 1402 732 construc-

164 765 307 831 tiombus
331 764 443 830 eodem
465 769 608 847 tempore
630 770 705 830 eunt
726 765 888 848 acquisitu
911 765 1033 832 Eodem
1054 772 1198 848 tempere
1219 772 1403 852 compersui

162 869 370 936 medietatem
395 869 508 936 domus
528 887 549 935 e
569 867 782 951 pusterulensi
810 867 930 951 Sergio,
957 868 1100 936 funditus
1124 870 1334 953 deuastetnm
1365 893 1403 941 ex

163 974 302 1040 australi
322 980 413 1056 perte
435 973 531 1054 curie,
555 973 796 1056 protendentem
814 972 853 1038 ob
876 973 1023 1056 aquilone
1045 973 1078 1038 in
1099 975 1279 1056 meridiem3
1303 977 1399 1044 ubam

163 1095 246 1144 uero
275 1078 477 1145 medietatem
506 1076 637 1143 donenit
664 1076 756 1143 nobis
785 1075 928 1159 Neupret
959 1095 1029 1143 cum
1059 1097 1169 1146 sorore
1200 1099 1273 1160 sno,
1305 1099 1401 1164 quum

166 1181 435 1261 monncboulmue,
467 1187 500 1249 ot
522 1179 718 1262 superedidlt
747 1181 944 1264 coeninulum
966 1200 1036 1247 cum
1066 1183 1241 1250 subiacenti
1271 1184 1400 1252 curiole.

164 1283 305 1352 Domum
334 1292 440 1353 sutem
471 1285 556 1350 illam
587 1285 762 1351 resteuroui
792 1289 954 1369 totamque
984 1287 1133 1370 cooperui
1164 1293 1260 1371 obque
1290 1290 1398 1356 ebeni.

164 1389 264 1456 Istius
286 1409 363 1456 uero
386 1389 497 1457 domus
519 1387 715 1470 compurecio
738 1389 777 1456 de
798 1389 935 1473 propriis
958 1391 1035 1457 mois
1058 1395 1090 1458 et
1111 1409 1183 1473 mee
1206 1389 1271 1474 filie
1296 1391 1399 1460 Velle·
1452 1392 1459 1405 '

165 1511 250 1578 nege
273 1494 364 1561 bonis
385 1493 470 1560 iectu
490 1500 548 1561 est.

210 1599 274 1664 Per
295 1599 381 1665 idem
402 1617 480 1666 uero
503 1604 627 1680 tempus
650 1597 765 1663 domne
786 1597 896 1664 Debre
918 1617 988 1664 cnm
1011 1618 1068 1664 sne
1091 1605 1185 1682 nepte
1216 1601 1255 1666 D.
1279 1601 1320 1666 ed
1342 1618 1400 1667 nos

163 1703 299 1770 ueniens
321 1703 475 1770 monache
498 1701 612 1769 ellectu
637 1701 746 1767 attulit
775 1701 866 1769 nobis
897 1702 1116 1769 domunculam
1145 1723 1183 1771 ex
1215 1705 1401 1773 occidentali

162 1814 260 1890 purte
282 1826 353 1873 cum
375 1813 470 1890 puteo
493 1825 530 1874 ec
551 1806 720 1888 coeuinuls
742 1812 775 1873 et
796 1806 969 1874 subiacenti
996 1807 1123 1888 coriola,
1148 1809 1188 1875 eb
1205 1809 1399 1891 aquilonem

41 1969 47 1980 ,
163 1911 331 1978 meridiem
352 1911 572 1994 protendente.

210 2015 377 2084 Periclem
405 2035 482 2083 uero
510 2022 636 2099 tempus
665 2015 796 2082 ueniens
819 2016 860 2081 ed
883 2034 939 2081 nos
963 2015 1105 2097 dominus
1137 2015 1397 2092 Unoio,¹1nords

165 2119 337 2207 (periculo)
360 2127 532 2202 prouentus
554 2122 603 2186 uir
622 2120 753 2200 nobilis,
783 2120 890 2186 attulit
917 2119 1008 2187 nobis
1030 2139 1122 2188 sunm
1144 2121 1309 2189 subiacens
1331 2122 1397 2190 ule·

59 2267 65 2278 ·
163 2225 254 2291 dium
277 2246 297 2292 o
319 2226 453 2292 termino
477 2225 589 2306 domne
613 2226 652 2290 D.
676 2225 869 2308 protendens
890 2226 923 2290 in
945 2191 1219 2307 meridie'musquo
1241 2225 1282 2292 ud
1304 2227 1397 2316 mom,

163 2334 203 2394 et
222 2330 352 2412 insuper
374 2330 496 2398 eddidit
518 2353 566 2394 xm
588 2329 715 2396 solidos.

210 2435 273 2501 Per
297 2434 381 2502 idem
411 2453 487 2502 uero
518 2441 642 2516 tempus
672 2453 692 2499 e
721 2432 907 2514 quibusdem
938 2431 1118 2500 conciuibns
1149 2437 1398 2518 comperouimus

164 2547 272 2606 ortum
295 2544 370 2606 onte
392 2538 476 2607 iores
500 2539 633 2620 ecclesie
663 2539 751 2604 iusto
781 2537 864 2603 niem
887 2557 924 2606 eu
947 2538 1134 2612 oecidentoli
1160 2546 1251 2621 perte
1273 2560 1331 2624 pro
1354 2567 1398 2608 xv

163 2643 288 2726 solidis
311 2645 344 2710 in
366 2663 429 2728 quo
452 2645 577 2710 domum
600 2642 751 2709 frutribus
774 2649 807 2709 el
828 2641 1007 2725 hospitibus
1030 2662 1049 2708 e
1071 2643 1274 2712 fundamento
1302 2645 1398 2714 febri·

162 2749 307 2816 cernimm
330 2755 362 2813 et
384 2754 526 2822 stratum,
549 2753 586 2814 ut
608 2754 657 2814 est
679 2745 857 2825 honorifice,
882 2745 1122 2830 composuimus.

211 2855 273 2921 Per
294 2854 378 2919 idem
400 2873 478 2920 uero
493 2859 617 2936 tempus
633 2853 757 2919 dominu
772 2850 870 2932 Bone,
893 2849 958 2916 filio
976 2849 1074 2916 Medii
1090 2851 1173 2934 Sege
1188 2852 1399 2937 indictionis?

162 2979 225 3044 pro
247 2957 313 3024 filia
336 2977 395 3024 sun
409 2955 609 3038 Munichine,⁸
631 2975 724 3038 quem
739 2955 923 3021 monachum
938 2953 1078 3041 lecimus,
1094 2957 1182 3022 dedit
1196 2959 1288 3025 nobis
1304 2978 1397 3043 quer·

164 3071 234 3130 tum
262 3067 386 3147 portem
417 3063 576 3142 destructe
610 3061 721 3128 domus
751 3059 860 3126 Pleni⁴
888 3065 961 3141 post
990 3059 1191 3142 pinnaculum
1213 3063 1332 3150 templi,
1364 3071 1398 3131 et

162 3175 319 3251 quantum
340 3167 384 3234 illi
406 3174 613 3250 quantopere
635 3165 746 3249 exigit,
771 3169 917 3247 quartam
934 3169 1057 3247 perlem
1085 3165 1275 3234 subiecenb's
1299 3168 1396 3251 curie.

159 3275 237 3358 Ego
263 3292 341 3340 uero
369 3272 462 3340 cioca
490 3273 651 3339 ebbetisso
680 3271 860 3353 compereui
889 3279 953 3336 tres
983 3275 1091 3352 partes
1113 3270 1198 3336 illius
1220 3272 1332 3341 domus
1356 3275 1396 3341 de

161 3381 294 3466 proprio
307 3398 377 3446 meo
392 3376 617 3461 patrimonio:⁵
640 3375 713 3443 dedi
734 3374 820 3455 Oicle
846 3392 904 3456 pro
926 3373 1098 3441 medietate
1122 3375 1233 3442 domus
1255 3382 1289 3445 et
1310 3379 1397 3460 curie

162 3509 237 3551 xxx
251 3484 388 3564 solidos;
411 3483 484 3549 dedi
499 3482 633 3563 Petrizo‚
650 3479 717 3546 filio
733 3475 900 3562 Trunenni
924 3479 1032 3561 nepoti
1049 3477 1132 3564 Sege
1148 3503 1191 3546 xv
1207 3481 1324 3548 solidos
1340 3501 1398 3565 pro

163 3597 283 3674 quarta
304 3595 395 3672 parte
419 3587 530 3655 demus
552 3593 586 3653 et
608 3585 801 3652 subiacentis
822 3584 920 3664 curie.

210 3693 281 3776 lieo
302 3694 336 3760 in
350 3693 496 3760 domibus
511 3699 544 3760 et
559 3691 654 3778 curin,
678 3701 714 3756 ut
728 3688 907 3773 prescripsi,
931 3688 1101 3757 adiuuente
1116 3695 1190 3756 sunt
1205 3693 1396 3759 monasterio

161 3804 275 3880 senae
299 3797 409 3880 Merie.

253 3958 369 4020 Adeunt
383 3961 413 4020 in
427 3959 548 4020 archivo
571 3956 738 4020 monosterii
753 3973 776 4018 s.
793 3955 905 4014 Mariae
919 3954 1046 4016 iaderae
1062 3955 1120 4015 duo
1147 3957 1343 4033 exemplaria:
1366 3956 1397 4036 a)

210 4047 382 4124 Registrum
398 4047 518 4108 membr.
535 4063 613 4108 suec.
629 4043 760 4105 X11.iol.
775 4043 909 4116 12-13,
925 4043 954 4102 in
970 4059 1028 4118 qno
1045 4043 1128 4102 deest
1142 4045 1250 4104 titulus.
1267 4041 1299 4123 b)
1311 4043 1397 4106 MEO.

210 4135 376 4210 recentius,
400 4134 480 4210 quod
502 4135 628 4194 continet
651 4135 718 4192 acte
742 4147 819 4192 osee.
846 4127 1002 4190 Xl—XIV
1024 4128 1092 4190 ibid.
1114 4131 1163 4191 iol.
1182 4133 1316 4194 16-17,
1333 4149 1399 4192 cnm

208 4221 310 4282 titulo:
329 4223 431 4304 „10⁷3
445 4221 615 4283 membrano
629 4217 784 4280 inventarii
799 4216 967 4277 monidion
982 4222 1083 4294 ennete
1096 4217 1190 4295 llerie
1205 4217 1243 4278 de
1258 4217 1400 4282 cherc“.

253 4307 326 4370 Ood.
343 4308 413 4385 dipl.
430 4307 513 4370 osb.
529 4309 553 4387 1,
573 4308 643 4370 145.

253 4395 288 4454 Iu
303 4395 405 4456 eodem
426 4395 551 4472 registro
567 4395 622 4456 sub
637 4414 665 4458 a.
681 4395 731 4454 fol.
749 4393 778 4450 2.
795 4389 880 4452 adest
900 4389 1000 4450 brevis
1022 4389 1180 4467 descriptio
1203 4395 1347 4452 terrorum
1369 4391 1399 4452 in

207 4481 354 4559 Pctrduni,
372 4499 449 4558 qnae
463 4483 580 4558 incipit:
600 4481 667 4558 „Hii
682 4487 748 4542 sunt
762 4477 877 4538 termini
892 4482 1037 4536 terrorum
1051 4477 1175 4538 ecclesio
1191 4483 1292 4540 nancte
1306 4478 1399 4538 Murio

208 4569 428 4646 monachum,
444 4583 505 4646 que
520 4574 692 4646 permanent
706 4571 737 4628 iu
751 4569 831 4642 loco,
855 4565 905 4641 qui
919 4564 1025 4624 dicitur
1039 4563 1205 4625 Petrinoni“
1222 4611 1229 4628 .
1247 4611 1254 4626 .
1277 4565 1332 4624 Ast
1347 4565 1398 4624 de·

209 4655 332 4733 scriptio
346 4654 421 4716 boec
436 4654 569 4716 coniecto
584 4655 637 4716 init
652 4656 729 4716 circo
744 4673 771 4717 o.
791 4652 882 4720 1174,
906 4669 965 4728 qno
984 4657 1116 4729 tempore
1131 4651 1204 4713 vixit
1217 4651 1322 4712 Petrus
1339 4649 1395 4710 Fa-

210 4743 284 4823 rine,
301 4742 384 4804 cuins
398 4741 431 4802 fit
445 4741 553 4803 ibidem
568 4743 718 4804 memoris·
734 4737 805 4804 cod.
823 4737 894 4814 dipl.
910 4737 993 4801 osb.
1009 4739 1033 4818 Ι,
1051 4741 1122 4800 166.
1138 4739 1177 4818 11,
1194 4741 1245 4799 93.
1263 4739 1312 4798 95.
