3602 5304
366 389 426 454 192

364 604 398 664 et
418 599 451 664 in
473 617 532 664 sua
554 597 664 665 mallet
686 597 789 678 prima
803 596 977 664 adhaerere
994 596 1142 664 ecclesia:
1165 603 1202 663 nt
1217 599 1384 681 presbyter
1398 605 1594 682 permaneat

405 703 449 770 Et
471 699 576 768 nullus
598 701 746 782 deinceps
768 701 801 766 in
823 701 988 768 ecclesia³⁴
1011 703 1231 784 episcoporum
1247 704 1298 770 uel
1316 705 1595 786 praesbyteromm

361 809 490 874 missam
513 807 661 884 celebret,
687 807 787 872 donec
809 808 955 888 proprius
971 807 1139 889 episcopus
1168 825 1238 874 eam
1253 813 1417 874 consecret
1431 809 1593 876 canonice.

364 911 397 978 Si
421 911 491 993 qnia
512 910 712 993 postmodnm
737 916 957 992 praesumptor
979 912 1011 976 in
1034 931 1073 978 ea
1095 917 1206 978 contra
1228 913 1403 993 praemissa
1428 911 1549 996 lecerit,
1573 930 1594 977 a

363 1023 470 1086 nostro
493 1015 625 1098 collegio
648 1014 842 1082 excludatur.

405 1121 445 1186 ll.
469 1119 514 1188 Ut
535 1119 656 1184 nullum
674 1119 851 1201 episcopus
882 1125 1012 1185 nostrae
1042 1119 1224 1203 prouinciae
1253 1121 1370 1188 audeat
1397 1123 1430 1186 in
1453 1119 1596 1203 quolibet

364 1226 463 1311 gradu
487 1225 657 1292 sclaninica
672 1224 779 1305 lingua
798 1241 1002 1306 promouere;
1026 1223 1172 1310 (poterit)
1195 1226 1329 1310 tam(en)
1351 1226 1384 1291 in
1399 1227 1548 1294 clericatu
1563 1231 1597 1291 et

363 1330 553 1396 monachatu
583 1328 643 1394 deo
674 1328 842 1395 desereire.
877 1328 945 1396 Nec
970 1329 1003 1394 in
1033 1347 1091 1395 sua
1113 1329 1247 1398 ecclesia
1268 1329 1352 1396 sinat
1373 1348 1445 1396 aum
1466 1330 1595 1396 missam

363 1435 484 1513 lacere3
496 1439 623 1516 praeter
633 1431 659 1499 si
669 1433 888 1500 necessitatem
898 1432 1253 1500 sacerdotumbaberet:
1264 1453 1321 1517 per
1332 1434 1592 1518 supplicationem

364 1559 384 1605 a
406 1557 536 1604 romano
559 1535 707 1618 pontifice
728 1537 888 1604 licentiam
911 1538 941 1603 ei
963 1538 1169 1605 sacerdotalis
1191 1539 1357 1608 ministerii
1380 1539 1509 1605 tribuat.

407 1643 463 1708 lll.
487 1641 533 1708 Ut
555 1643 722 1724 episcopus
739 1641 959 1709 Obroatorum.
983 1643 1065 1708 sicut
1082 1661 1275 1728 aesomnes,
1302 1651 1431 1710 nostrae
1445 1643 1599 1712 ecclesiae

365 1745 659 1834 metropolitanae³⁶
681 1747 812 1812 subesse
836 1766 871 1814 se
892 1749 981 1814 sciat.

409 1853 479 1920 llll.
504 1851 623 1931 Quodsi
646 1871 702 1918 ren
724 1857 757 1918 et
779 1869 927 1940 proceres
951 1849 1159 1919 Ghrcatorum
1183 1872 1293 1921 onmes
1316 1853 1493 1922 ιιιόιθειιεπ
1514 1853 1598 1936 epis-

366 1976 516 2040 coporum
532 1955 647 2022 ιιιιιι87
662 1955 777 2022 limites
792 1961 920 2022 nostrae
942 1957 1203 2040 metropolitanae
1218 1976 1275 2024 suo
1292 1958 1423 2040 cupiunt
1437 1957 1600 2026 uindicare

366 2061 523 2150 pontifici:
556 2060 661 2126 nullus
691 2079 729 2126 er
757 2061 875 2126 nostris
902 2079 960 2142 per
988 2079 1112 2126 omnem
1140 2063 1334 2144 prouinciam
1363 2081 1475 2129 eorum
1497 2079 1601 2143 neque

366 2167 624 2250 regenerationes
652 2165 762 2246 iaciat,
794 2183 897 2246 neque
924 2164 1074 2232 ecclesias
1107 2167 1160 2232 uel
1188 2168 1392 2250 presbyteros
1424 2173 1600 2236 consecret.
1704 2223 1711 2228 .

368 2270 551 2354 Tam(en)⁸8
573 2270 604 2334 in
627 2269 693 2336 suis
717 2269 845 2336 sedibus
868 2270 1132 2337 commorantibus
1148 2289 1205 2353 pro
1223 2273 1347 2340 animae
1363 2291 1444 2356 opus
1460 2273 1601 2355 quisquis

367 2377 408 2444 ad
430 2394 488 2442 nos
512 2375 690 2452 accesserit,
714 2372 775 2460 (et)
798 2377 987 2453 consecrari,
1010 2376 1201 2456 regenerari,
1225 2376 1360 2444 chrisma
1374 2376 1435 2444 sibi
1453 2376 1522 2442 dari
1545 2395 1601 2458 po

367 2483 521 2564 poscerit:
545 2481 666 2561 absque
687 2479 836 2561 scrupulo
859 2481 944 2544 omni
966 2498 1025 2563 per
1039 2486 1139 2546 totam
1155 2483 1348 2563 prouinciam
1364 2481 1434 2564 ipsa
1448 2481 1600 2548 tribuant.

367 2588 416 2654 De
440 2592 567 2652 caetero
590 2589 695 2651 autem
719 2602 788 2650 cum
811 2602 868 2651 auo
891 2583 1038 2666 pontifice
1060 2585 1119 2654 deo
1142 2585 1279 2652 reddant
1310 2587 1467 2654 rationem
1489 2585 1530 2654 de
1551 2586 1601 2653 bis

367 2691 531 2776 omnibus,
559 2707 641 2770 quae
662 2691 694 2754 in
717 2691 764 2755 eis
793 2688 982 2755 christianae
1009 2689 1171 2773 religionis
1202 2689 1371 2778 dogma(ti)
1395 2689 1601 2778 delueri(n)t;

366 2802 476 2864 nostra
498 2813 603 2861 coram
627 2794 685 2862 deo
709 2795 902 2862 conscientia
924 2800 974 2860 est
996 2795 1150 2862 absoluta.

409 2900 498 2968 XHI.
521 2897 622 2966 Utin
645 2899 785 2978 ecclesia
809 2899 865 2964 ubi
885 2900 1072 2984 praesbyter
1092 2901 1214 2967 occisus
1237 2906 1295 2979 est,
1319 2906 1394 2967 ante
1407 2899 1602 2970 satisfactio-

369 3026 439 3072 nem
462 3006 561 3087 ipsius
585 3003 759 3090 (occisoris)
782 3004 834 3070 uel
850 3004 959 3091 plebis,
982 3011 1020 3072 nt
1034 3023 1206 3089 congruam
1221 3005 1282 3089 ipsi
1297 3006 1447 3089 episcopo
1461 3006 1600 3086 uidetur,

369 3113 474 3178 nullus
497 3113 623 3177 missam
645 3108 758 3178 faciat*

411 3216 455 3280 Et
476 3219 512 3280 nt
535 3235 554 3282 a
576 3216 789 3298 praesbyteris
810 3234 861 3280 res
884 3214 1035 3282 ccclesiae
1056 3233 1119 3282 non
1141 3217 1354 3282 destruantur.
1377 3216 1489 3298 Neque
1502 3215 1602 3284 semel

368 3325 517 3402 suscepta
549 3320 680 3387 ecclesia
710 3321 778 3386 sine
809 3337 905 3384 causa
935 3319 1142 3402 relinquatur.
1178 3320 1270 3399 Quod
1302 3322 1336 3387 si.
1361 3320 1454 3388 aliter
1477 3321 1598 3402 lecerit,

369 3427 470 3493 donec
492 3425 617 3506 perdita
639 3425 786 3492 restituat
808 3430 841 3489 et
863 3424 996 3491 ecclesia
1017 3427 1145 3506 propria
1166 3425 1307 3506 recipiat,
1334 3425 1601 3491 cummunicatur.

410 3530 486 3597 XIV
511 3529 558 3597 Ut
578 3549 691 3596 uxores
714 3529 860 3612 propriae
889 3528 1038 3610 deinceps
1060 3547 1122 3595 non
1145 3529 1359 3608 dimittantur,
1382 3529 1442 3596 nisi
1465 3535 1601 3611 propter

367 3635 616 3704 fornicationem.
641 3635 782 3713 Quodsi
805 3633 875 3716 quis
898 3634 1060 3717 dimiserit,
1084 3633 1130 3699 sic
1152 3638 1346 3716 permaneat.

411 3743 455 3808 Et
477 3748 514 3807 ut
535 3741 688 3809 haeredes
711 3758 785 3804 suos
809 3739 870 3822 (et)
893 3756 1003 3804 seruos
1022 3757 1096 3805 suos
1110 3738 1320 3804 litteramm⁸⁹
1333 3737 1445 3805 studiis
1461 3737 1599 3818 tradant,

368 3849 555 3930 quicumque
585 3844 846 3912 christianitatem
877 3842 1049 3925 perlectam
1081 3843 1200 3911 habere
1229 3844 1375 3925 cupiunt;
1410 3848 1446 3909 ut
1477 3843 1524 3908 illi
1546 3861 1604 3910 eos

367 3953 523 4018 instanter
547 3951 720 4032 corripiant
740 3954 774 4016 et
795 3947 854 4030 ipsi
878 3967 934 4014 eos
958 3948 1095 4015 libenter
1115 3949 1295 4028 exaudiant,
1319 3965 1382 4014 non
1405 3954 1442 4015 at
1463 3948 1604 4031 peregri·

367 4075 426 4125 nos
447 4055 505 4124 aed
525 4063 563 4121 ut
584 4056 737 4137 proprios.

411 4161 481 4228 XV.
506 4159 596 4238 Quod
619 4160 645 4226 ai
668 4159 816 4226 sacerdos
839 4159 1069 4224 incontinenter
1091 4158 1241 4240 primam,
1273 4177 1367 4240 quam
1390 4159 1522 4224 sortitus
1543 4163 1604 4242 est,

370 4270 480 4332 teneat
501 4282 648 4340 uxorem,
679 4270 812 4346 propter
842 4264 943 4346 ipsam
972 4264 1196 4329 continentiam
1219 4269 1426 4348 separatura
1446 4261 1605 4330 consortio

370 4369 513 4437 cellac⁴⁰
536 4367 570 4435 Si
594 4387 670 4436 nero
694 4369 788 4435 aliam
810 4369 951 4435 duxerit:
975 4367 1234 4436 excomunicatum
