3604 5276
1415 357 1478 420 279

325 563 475 624 (lonstm.
491 563 634 640 porphyr.
654 563 691 624 de
707 564 784 626 adm.
801 565 870 640 imp.
887 583 913 625 c.
930 567 981 636 29,
998 567 1049 626 30.
1066 581 1095 640 p.
1115 565 1186 635 127,
1206 565 1341 642 136-7,
1363 566 1433 626 143.

324 650 371 710 Dc
394 651 624 710 salonitauorum
643 651 749 710 civium
773 655 840 726 post
863 667 997 711 eversam
1020 651 1123 712 urbem
1139 650 1207 709 fatis
1223 651 1342 710 uberius
1358 650 1478 710 disserit

280 736 411 796 Thomas
426 736 538 798 archid.
555 737 662 812 spalat.
680 737 708 795 in
725 752 779 797 sua
795 736 917 796 historia
928 737 1127 799 salonitanae.
1138 737 1317 814 vlt-xp.
1328 739 1477 798 318-19

280 821 328 883 ed.
344 821 450 900 Lucii),
475 824 557 883 cuius
572 822 762 900 relationem,
787 823 915 900 „partim
930 842 947 882 e
962 824 1079 898 scriptis
1095 819 1138 898 (v.
1155 841 1198 885 nr.
1220 821 1294 902 169)
1317 825 1424 900 partim
1440 838 1478 883 ex

281 909 435 984 opinione“
447 909 592 981 haustam,
609 910 678 968 licet
693 927 751 968 uon
768 909 796 966 in
812 909 946 969 omnibus
962 914 1105 988 exactam,
1121 909 1204 969 hicce
1217 909 1399 989 adducimus,
1415 927 1478 968 om·

281 995 377 1054 missis
393 995 566 1070 quibusdam
584 995 621 1054 ad
638 1013 698 1054 rem
716 1013 772 1053 non
790 995 1018 1070 pertinentibus:

282 1093 397 1173 „Cives
420 1097 527 1162 miseri
550 1114 661 1178 rogum
685 1095 785 1160 dulcis
815 1095 938 1177 patriae
961 1092 995 1181 (i.
1020 1114 1046 1161 e.
1071 1094 1221 1175 Salonas)
1244 1096 1476 1178 inspectantes

237 1217 300 1264 non
322 1200 431 1267 dolere
452 1205 611 1282 poterant,
635 1218 700 1266 uon
722 1197 798 1265 dere
821 1193 937 1265 licebat
960 1217 1057 1280 super
1072 1217 1159 1278 eam;
1183 1200 1241 1265 sed
1257 1201 1373 1282 singuli
1391 1200 1476 1269 vitae

237 1305 387 1385 propn'ae
417 1309 597 1368 metuentes
628 1303 760 1368 classem
789 1304 947 1369 abducere
976 1304 1220 1384 praeparabant.
1255 1304 1322 1370 Nec
1344 1306 1478 1372 vacabat

239 1426 413 1475 convocare
436 1407 609 1482 consilium,
634 1425 692 1472 neo
714 1405 842 1488 quidde
865 1406 968 1472 salute
991 1406 1118 1488 publica
1132 1405 1216 1474 foret
1232 1408 1398 1492 egelidum,
1422 1409 1476 1478 de·

236 1513 372 1578 liberare
396 1511 559 1590 valebant3
583 1510 641 1576 sed
663 1512 879 1592 unusquisque
896 1510 1009 1576 desua
1025 1509 1269 1577 familiaanxius
1286 1531 1355 1577 cum
1371 1511 1477 1594 rebus,

238 1634 318 1697 quas
343 1616 383 1681 de
405 1613 517 1681 funere
541 1616 664 1697 patriae
688 1614 885 1696 subripuisse
907 1620 1052 1698 poterat,
1085 1633 1147 1696 quo
1171 1614 1361 1701 diverteret,
1393 1620 1478 1701 cogi·

239 1721 338 1784 tubat.
363 1718 433 1786 Hoc
455 1719 551 1786 etiam
576 1738 672 1800 agere
696 1718 839 1784 consulte
861 1719 1049 1800 nequibant;
1075 1720 1191 1802 quippe
1213 1720 1246 1785 in
1268 1728 1333 1788 tant
1356 1722 1477 1802 praeci·

237 1823 295 1905 piti
319 1822 395 1905 luga
411 1821 544 1889 contuse
567 1829 600 1890 et
622 1823 799 1889 inordinate
816 1822 858 1887 ad
873 1841 969 1888 naves
986 1823 1215 1889 contenderant
1228 1873 1234 1886 .
1249 1875 1277 1890 ..
1302 1825 1476 1908 Postquam

237 1927 347 2008 procul
369 1927 432 1992 iam
457 1946 477 1992 a
499 1926 607 1993 littore
629 1933 716 1992 rates
732 1926 960 2005 subduxerant,
985 1928 1118 2008 sparsim
1135 1929 1187 1993 alii
1204 1929 1245 1994 ad
1261 1929 1339 1994 alias
1354 1930 1476 1996 insulas

236 2031 466 2113 properabant3
500 2031 553 2096 alii
578 2049 652 2097 vero
676 2031 789 2095 necin
811 2031 924 2095 insulis
948 2051 983 2096 se
1006 2033 1083 2097 sutis
1106 2037 1192 2097 tutos
1216 2049 1311 2114 posse
1334 2031 1403 2099 fieri
1425 2052 1475 2100 ar·

238 2135 394 2202 bitrantes
415 2133 542 2215 longius
566 2133 781 2216 remigabant3
818 2134 946 2199 tandem
976 2153 1051 2215 pars
1074 2134 1181 2215 aliqua
1203 2133 1308 2199 tenuit
1327 2135 1475 2214 insulam,

235 2254 318 2317 quae
340 2235 431 2304 Soita
453 2243 601 2316 uocatur3
625 2238 678 2302 alii
702 2237 742 2303 ad
765 2237 929 2316 Brachiae,
954 2237 1006 2302 alii
1023 2236 1064 2302 ad
1079 2237 1216 2317 Pharon,
1240 2237 1293 2303 alii
1309 2238 1349 2303 ad
1365 2243 1476 2321 portus

234 2341 355 2423 byssae
377 2346 410 2406 et
432 2339 590 2423 Corcyrae
620 2340 849 2424 applicuemnt.
885 2341 971 2422 Ergo
1003 2340 1042 2405 de
1074 2341 1207 2406 navibus
1230 2347 1381 2407 exeuntes
1405 2360 1460 2408 coe

233 2450 349 2526 perunt
371 2444 488 2527 singuli
513 2443 647 2511 familias
671 2463 746 2511 suas
776 2445 953 2528 inquirere,
988 2462 1046 2525 per
1075 2444 1153 2524 alias
1183 2449 1217 2510 et
1246 2444 1325 2510 alias
1355 2443 1474 2510 insulas

234 2548 362 2616 mittere
394 2568 528 2631 seseque
558 2567 617 2631 per
650 2549 751 2615 tribus
774 2548 971 2631 iungere...
1007 2548 1095 2613 Tunc
1119 2567 1226 2614 omnes
1248 2547 1403 2629 incipiunt
1424 2554 1473 2614 tu·

233 2653 325 2737 gutia
348 2673 387 2720 ex
408 2653 575 2720 frondibus
597 2653 829 2735 viminibusque
851 2658 1036 2736 contexere,
1062 2669 1197 2734 seseque
1218 2670 1275 2733 per
1297 2653 1368 2718 loca
1390 2670 1474 2718 com-

233 2757 377 2839 petentia
407 2758 579 2836 collocare3
610 2762 783 2840 coeperunt
813 2756 866 2822 alii
897 2755 961 2821 alia
990 2756 1119 2838 negotia
1141 2773 1351 2821 exercere...
1384 2756 1473 2823 Tunc

233 2861 327 2926 electi
357 2861 487 2928 iuvenes
518 2863 649 2927 amatis
681 2861 814 2926 liburnis
846 2865 1035 2941 coeperunt,
1071 2877 1127 2942 per
1159 2859 1336 2926 Dalmatiae
1365 2861 1474 2928 littora

233 2963 460 3045 discurrentes
484 2965 629 3031 hostibus
651 2965 811 3043 insidia1i3
845 2969 952 3030 tantas
975 2964 1057 3030 enim
1081 2961 1194 3029 caedes
1218 2971 1251 3028 et
1273 2964 1410 3045 praedas
1433 2967 1473 3032 de

232 3067 311 3149 ipsis
341 3067 517 3150 faciebant,
550 3069 635 3150 quod
665 3067 771 3134 nullus
795 3068 978 3134 Seianorum
1009 3073 1081 3133 erat
1109 3085 1206 3132 ausus
1229 3067 1269 3133 ad
1292 3087 1379 3135 mare
1401 3069 1472 3136 des·

231 3171 366 3238 cendere
384 3223 392 3236 .
410 3222 441 3237 ..

276 3276 445 3342 Paridem
468 3276 535 3343 fere
557 3279 700 3359 tempusl
723 3277 849 3358 quidum
866 3276 1019 3357 advenae,
1044 3282 1080 3340 ut
1094 3274 1211 3360 lerunt,
1235 3277 1378 3342 Romana
1393 3277 1472 3342 urbe

233 3380 356 3462 depulsi
379 3399 442 3445 non
474 3380 567 3463 longe
591 3381 631 3446 ab
653 3381 809 3463 Epitauro
840 3380 962 3445 ratibus
994 3380 1222 3462 applicuerunt.
1257 3381 1337 3446 Erat
1365 3387 1473 3446 autern

231 3484 408 3564 Epitaurus
432 3483 622 3565 episcopalis
646 3484 774 3558 civitas,
809 3482 1005 3549 salonitanae
1030 3483 1183 3550 ecclesiae
1206 3480 1470 3566 suffraganea...

230 3587 415 3654 Praevoceti
447 3606 524 3670 ergo
554 3586 698 3653 advenae
722 3588 829 3652 sedem
854 3588 913 3653 sibi
937 3587 969 3652 in
991 3587 1077 3653 illius
1101 3588 1246 3672 partibus
1270 3587 1470 3668 collocantes,

233 3691 392 3757 civitatem
415 3691 605 3773 Epitaurum
629 3691 758 3773 saepius
781 3691 1016 3773 impugnantes
1048 3693 1175 3758 nimium
1200 3692 1400 3771 attriverunt,
1423 3699 1471 3758 at·

231 3796 401 3876 tritamque
425 3801 600 3878 caeperunt
622 3802 655 3862 et
677 3801 800 3878 captam
824 3796 857 3860 in
879 3796 1083 3862 solitudinem
1105 3797 1326 3878 redegerunt³
1360 3797 1469 3861 Homi-

229 3917 285 3964 nes
308 3903 414 3964 autem
438 3917 508 3964 oum
532 3897 579 3964 eis
602 3901 748 3981 permixti
775 3905 849 3964 sunt
872 3906 906 3965 et
927 3898 1001 3966 facti
1020 3906 1093 3964 sunt
1109 3897 1244 3981 populus
1261 3917 1360 3978 unus3
1384 3899 1469 3964 aedi-

230 4000 405 4070 ficaverunt
428 4003 603 4087 Ragusium
626 4009 660 4070 et
681 4003 907 4070 habitaverunt
929 4005 962 4070 in
984 4021 1033 4071 eo.
1060 4003 1169 4069 Exeo
1192 4008 1338 4084 tempore
1362 4003 1471 4069 conari

229 4111 403 4187 coeperunt
424 4106 556 4188 pallium
579 4126 637 4173 suo
661 4107 810 4190 episcopo
834 4110 988 4176 obtinere.

275 4209 405 4276 Interea
436 4209 613 4276 Salonitani
644 4211 676 4276 in
707 4213 820 4277 insulis
851 4216 1081 4278 commorantes
1111 4229 1225 4292 rnagno
1249 4209 1471 4277 alliciebantur

228 4312 335 4379 taedio
368 4319 501 4395 propter
531 4319 637 4380 terrae
667 4316 868 4380 sterilitatem
892 4322 925 4381 et
948 4321 1077 4397 propter
1107 4333 1261 4396 aquarum
1285 4314 1469 4395 penuriam3

229 4416 350 4498 ingenti
382 4416 478 4482 etiam
509 4417 667 4498 desiderio
696 4409 872 4500 'cupiebant
902 4419 941 4483 ad
973 4417 1107 4500 patriam
1138 4417 1266 4483 reverti.
1302 4415 1365 4483 Sed
1395 4418 1471 4484 lieet

230 4519 347 4586 Salona
378 4519 507 4586 deserta
536 4522 672 4600 iaceret,
708 4523 850 4605 nullique
880 4522 989 4589 bostes
1019 4521 1172 4586 auderent
1201 4521 1233 4586 in
1264 4539 1302 4586 ee
1331 4539 1469 4601 manere,

224 4622 417 4691 Salonitenis
450 4631 555 4693 mmen
586 4627 754 4694 videbatur
785 4646 846 4693 non
879 4627 957 4692 satis
991 4631 1060 4691 tuta
1083 4624 1178 4692 statio
1203 4624 1246 4691 ibi
1270 4624 1338 4692 fleri
1360 4643 1468 4707 posse,
