3604 5276
367 407 430 475 270

363 615 609 702 ἀναγνωρίσαντες
632 603 665 675 δὲ
679 615 705 674 oi
720 609 915 700 ποῦκοίστρου
931 611 972 675 τοὶ
1004 619 1130 694 ρκειιηίἸ
1154 613 1325 694 sedemque
1349 611 1412 680 iilic
1432 632 1524 680 snam
1546 612 1610 680 coi-

364 715 980 804 τεσηρεῖακαὶτλνοὶρρίιιοιναὐτῶνάλλὰ
1006 716 1163 796 locarunt,
1187 717 1326 798 exceptis
1349 717 1509 800 oppidulis
1531 717 1612 782 mari

367 824 417 885 καὶ
432 821 487 892 τὴν
506 819 615 907 ἡμέραν
629 823 668 892 ὡς
683 820 770 892 ἔθους
781 819 865 892 ὄντος
877 822 975 892 αὐτοῖς
1005 819 1239 900 adiacentibus²
1272 838 1354 902 quas
1384 839 1419 886 se
1446 821 1525 902 ipsis
1548 838 1612 886 non

367 935 422 989 τοῦ
437 923 624 1011 ὑποστρέφειν
638 925 667 986 ἐν
684 926 772 1008 αὐτῇ,
793 921 905 1007 ἤνοιξαν
921 921 975 995 τοὶς
1005 923 1223 1003 tradiderunt,
1256 924 1313 990 sed
1343 926 1375 988 in
1398 923 1615 990 Romanorum

367 1031 478 1116 πόρτας
499 1028 549 1092 καί
571 1018 748 1111 ὑπεδέξαντο
767 1027 874 1100 αὐτοὺς
897 1027 976 1114 μετὰ
1006 1033 1168 1108 potestate
1189 1027 1427 1112 permanebant,
1463 1047 1502 1094 eo
1527 1028 1613 1110 quod

367 1133 555 1220 περιχαρείας.
572 1120 715 1194 ἐκωνοιδὲ
729 1130 794 1217 ἄρα
808 1139 864 1193 τοῦ
884 1133 975 1193 εἰσελ-
1007 1131 1143 1196 exinani
1164 1131 1354 1197 victitarent.
1378 1131 1533 1198 Videntes
1552 1131 1613 1196 ita·

368 1237 432 1300 οεῖν
447 1236 502 1302 ται
513 1233 666 1321 τεπόρτας
674 1233 850 1320 ἐκράτησαν,
862 1238 912 1297 καὶ
923 1223 976 1304 dri-
1003 1221 1614 1317 queAbarespulohsrrimamessshanc

366 1329 972 1424 ληνδιασημαίοοτήνπραξιντῷροσσάτῳ
1002 1344 1130 1422 terram,
1154 1339 1248 1405 sedes
1272 1339 1335 1404 illic
1361 1344 1544 1421 posuerunt.

370 1441 563 1514 πεποιηκότες
584 1430 793 1528 συνεκδραμεῖν
815 1443 865 1504 καὶ
888 1461 976 1503 συνει-

369 1547 487 1609 σελθεῖν
498 1544 727 1632 παρεσκεύασαν.
746 1544 933 1632 κατέσφαξαν
948 1536 997 1607 οὖν
1012 1547 1127 1619 πάντας
1137 1546 1206 1618 τοὺς
1216 1553 1271 1618 τῆς
1285 1544 1411 1620 πόλεως,
1435 1547 1486 1608 καὶ
1504 1549 1613 1608 ἔκτοτε

255 1663 259 1668 ”
369 1653 596 1736 κατεκράτησαν
625 1655 724 1710 πᾶσαν
754 1647 810 1717 τήν
831 1647 929 1734 χώραν
952 1646 1122 1734 Δαλματίας
1143 1649 1194 1711 καὶ
1215 1647 1446 1718 κατεσκήνωσαν
1469 1649 1499 1710 ὲν
1520 1650 1610 1732 αὐτῇ.

370 1753 446 1841 μόνα
462 1743 495 1815 δὲ
509 1753 551 1816 τοὶ
566 1752 634 1839 πρὸς
651 1753 810 1815 θάλασσαν
825 1752 962 1837 πολίχνια
977 1753 1010 1812 οὐ
1026 1739 1191 1814 συνέδωκαν
1202 1753 1310 1826 αὐτοῖς,
1333 1751 1415 1813 ἀλλὰ
1436 1751 1613 1838 κατείχοντο

370 1856 452 1938 παροὶ
463 1865 524 1919 τῶν
535 1853 688 1942 Ῥωμαίων
701 1843 749 1918 διὰ
759 1855 796 1916 τὰ
809 1851 877 1917 εἶναι
887 1855 941 1917 τόν
952 1853 1039 1941 πόρον
1053 1845 1108 1927 τῆς
1119 1854 1196 1938 ζωῆς
1210 1859 1309 1919 αὐτῶν
1325 1856 1357 1919 ἐκ
1373 1863 1428 1928 τῆς
1444 1856 1610 1928 θαλάσσης.

369 1950 479 2034 ἰδόντες
486 1951 534 2023 οὖν
542 1963 569 2023 oi
576 1959 703 2046 Ἀβιίρεις
711 1959 875 2028 καλλίστην
883 1949 971 2021 οὖσαν
978 1959 1034 2028 τὴν
1041 1957 1244 2046 coaetaneo
1251 1959 1610 2044 κατεσκήνωσανέναύτῇ.

413 2173 438 2232 Β
456 2085 640 2146 Constantini
651 2083 758 2161 porph.
772 2083 1052 2144 dsadmiuistrando
1070 2083 1195 2160 imperio
1210 2103 1235 2144 c.
1255 2086 1297 2146 30
1312 2103 1342 2161 p.
1362 2086 1541 2145 140-143.
1559 2083 1606 2146 ed.

440 2189 506 2233 onn.

312 2281 315 2288 “
406 2288 579 2356 ¹Themata,
605 2289 633 2341 in
657 2302 727 2355 quae
751 2287 894 2355 imperium
913 2285 1028 2342 divisum
1047 2293 1120 2355 erat,
1145 2284 1276 2342 describit
1294 2285 1487 2342 Constantinus
1504 2287 1534 2341 in
1552 2287 1607 2343 aiio

369 2391 450 2446 opere
476 2361 557 2446 »περὶ
579 2366 640 2421 τῶν
662 2355 824 2443 θεμάτων“
852 2371 906 2440 (ed.
930 2371 1015 2428 Bonn.
1041 2370 1182 2428 Constant.
1208 2373 1304 2443 porph.
1328 2387 1404 2442 opsr,
1428 2373 1481 2428 voi.
1506 2373 1554 2442 ΙΙΙ,
1583 2390 1610 2442 p.

372 2463 477 2531 1-64),
496 2461 560 2516 item
579 2459 612 2515 de
631 2474 744 2516 merem.
764 2459 811 2515 lib.
830 2459 865 2528 ΙΙ,
885 2475 907 2514 c.
926 2461 960 2515 50
979 2465 1006 2514 et
1025 2462 1059 2514 52
1077 2459 1130 2528 (sd.
1148 2459 1235 2515 Bonn.
1254 2475 1281 2528 p.
1301 2462 1361 2526 606,
1375 2462 1434 2527 713,
1448 2460 1527 2528 727);
1544 2474 1610 2514 enu-

371 2554 562 2617 meranturque
587 2547 733 2602 universim
758 2547 792 2601 29
817 2546 938 2601 themata
956 2547 975 2600 i.
994 2560 1022 2600 e:
1039 2549 1069 2601 Ι7
1087 2547 1116 2600 in
1134 2547 1239 2601 oriente
1259 2551 1287 2600 at
1307 2549 1339 2601 ΙΙ
1356 2547 1385 2600 in
1403 2545 1551 2602 occidente.
1578 2545 1611 2600 In

371 2650 452 2706 opere
471 2634 504 2689 ds
522 2634 689 2689 thematibus
707 2633 846 2691 Dalmatia
870 2647 924 2687 non
948 2631 1091 2688 adducitur
1115 2633 1189 2686 inter
1207 2633 1313 2702 imperii
1337 2633 1472 2701 themata,
1496 2631 1543 2688 sed
1560 2647 1612 2700 per

370 2731 545 2778 transennam
564 2727 670 2776 tantum
689 2726 920 2776 commemoratur.
949 2718 990 2773 De
1008 2718 1175 2774 thematibus
1193 2719 1302 2789 imperii
1319 2734 1388 2774 saec.
1407 2719 1433 2772 X
1451 2718 1511 2773 uide
1529 2719 1609 2774 Ram·

371 2809 445 2867 baud
462 2825 506 2878 op.
525 2810 569 2864 cit.
588 2825 617 2878 p.
637 2811 686 2862 175
705 2823 741 2863 ss.
769 2807 889 2862 itrause:
915 2805 1115 2861 Griechenland
1131 2806 1179 2875 IV,
1204 2810 1255 2862 300
1273 2805 1336 2876 folg.
1364 2805 1610 2877 (Separatausgabe

371 2914 421 2953 aus
438 2895 464 2952 d.
483 2896 545 2965 alig.
563 2893 767 2966 Encyklopedie
786 2911 809 2948 s.
827 2893 915 2950 Ersch
934 2892 990 2948 und
1007 2891 1133 2963 Gruber).
1206 2893 1270 2947 ²De
1282 2893 1395 2948 themat.
1408 2893 1456 2948 lib.
1470 2893 1497 2948 11
1514 2909 1540 2962 p.
1558 2896 1592 2948 57
1601 2913 1608 2946 :

372 2984 531 3054 „Caeterum
550 2980 688 3037 Dalmatia
706 2980 802 3036 Italiae
820 2981 895 3050 regio
913 2984 968 3048 esi,
993 2994 1027 3034 ex
1045 2994 1099 3047 qua
1117 2985 1207 3034 ortum
1225 2979 1324 3034 habuit
1341 2981 1474 3049 omnium,
1493 2981 1539 3048 qui
1558 2995 1609 3034 un·

370 3086 452 3139 quam
472 3070 589 3138 inerunt,
608 3068 747 3124 hominum
765 3065 1002 3137 profligatissimus
1019 3065 1189 3134 maximeque
1207 3065 1316 3135 impius,
1335 3066 1484 3135 imperator
1502 3064 1610 3120 Diocle-

369 3157 476 3226 tianus,
505 3157 539 3210 ab
563 3154 665 3226 oppido
691 3154 835 3221 oriundus,
862 3153 905 3207 cui
930 3159 1107 3208 nomenensi
1126 3151 1256 3221 δαίσαντες
1285 3151 1357 3206 unde
1375 3159 1469 3208 manat
1486 3168 1557 3221 aqua
1576 3151 1611 3208 ad

373 3251 468 3314 potum
493 3243 651 3299 suavissima
674 3256 758 3310 supra
781 3255 874 3296 ornnes
899 3253 998 3308 aquas,
1027 3244 1058 3292 ut
1075 3246 1202 3294 asserunt
1219 3239 1266 3308 qui
1284 3239 1457 3306 gustaruni“.
1483 3238 1611 3294 Salonam

369 3346 443 3397 vero,
463 3331 541 3385 cuius
559 3330 611 3384 ium
630 3329 657 3391 J.
677 3327 778 3383 Caesar
802 3325 847 3394 (de
866 3324 929 3380 beli.
947 3326 997 3380 civ.
1017 3329 1042 3394 8,
1060 3328 1085 3380 8.
1103 3327 1132 3395 9)
1150 3325 1280 3392 meminit,
1302 3339 1430 3394 quaeque
1450 3325 1516 3394 „coi
1534 3325 1612 3381 Julia

371 3417 489 3472 Martia¹⁴
508 3416 622 3484 dicitur,
649 3414 771 3486 pluribus
789 3419 852 3468 ante
870 3412 1070 3468 Diocletianum
1089 3413 1206 3468 saeculis
1224 3412 1360 3467 conditam
1378 3412 1477 3482 fuisse,
1500 3411 1611 3468 aliunde

371 3505 440 3559 satis
459 3509 573 3558 constat.
592 3502 625 3557 V.
645 3501 727 3571 Corp.
745 3501 826 3556 insat.
846 3499 893 3554 iat.
912 3499 960 3568 iii,
981 3503 993 3553 l
1012 3517 1040 3569 p.
1059 3502 1110 3556 304
1128 3515 1165 3556 as.

978 3733 1006 3792 3.

426 3836 463 3897 Oi
478 3833 509 3896 δὲ
524 3833 668 3916 Χρωβοίιοι
681 3828 972 3916 κοτῴιονντρνικαῦτα
1045 3829 1198 3897 chrobati
1220 3848 1295 3897 vero
1323 3836 1399 3896 tunc
1420 3827 1610 3896 habitabant

366 3941 478 4003 ἐκεῖθεν
501 3937 700 4020 Βαγιβαρείας,
729 3939 803 4000 ἔνθα
831 3935 896 3998 εἰσίν
924 3937 973 4016 ἀρ·
1002 3935 1088 4001 ultra
1110 3933 1328 4020 Bagibareain‚
1353 3934 1407 4001 ubi
1427 3952 1509 3999 nune
1532 3939 1611 3998 sunt

365 4045 429 4117 πίοις
451 4043 476 4104 σί
498 4043 718 4123 Βελσρριιβατοι.
751 4041 800 4118 μία
830 4039 861 4100 δὲ
890 4039 973 4119 γενεὰ
1001 4037 1609 4122 Beiochrobati.Unaautemganerniio,

367 4147 584 4227 διαχωρισθεῖσα
595 4142 626 4219 ἐξ
637 4145 736 4216 αὐτῶν,
759 4145 844 4230 ἤγουν
865 4141 976 4224 ἀδελφοί
1007 4144 1145 4226 quinque
1174 4141 1305 4224 fraireS,
1338 4139 1467 4208 Cincas¹
1492 4146 1525 4207 et
1547 4141 1610 4208 Lo·

366 4253 455 4334 πέντε,
479 4252 535 4310 ὅτε
555 4247 700 4321 Ιίλσυκίις1
723 4245 807 4309 καὶὸ
830 4245 974 4324 Λίβελοςῖ
1003 4247 1111 4313 00100”
1141 4255 1174 4312 ei
1204 4245 1393 4313 Coseiitzes³
1417 4251 1450 4312 ct
1480 4244 1609 4311 Muthio

368 4351 415 4414 καὶ
437 4353 453 4413 ὁ
474 4351 645 4428 ΙΙοσέντζιρς3
673 4350 720 4412 καὶ
743 4353 758 4412 t
780 4352 906 4432 Μουχλὼ
927 4350 975 4412 καὶ
1005 4359 1039 4417 et
1073 4349 1253 4416 chrobatns
1289 4350 1435 4432 duaeque
1469 4366 1609 4426 sorores,

367 4456 555 4537 ὁΧρώβατος,
572 4453 618 4516 καί
634 4453 817 4536 dicionibus,
833 4457 850 4532 ἡ
864 4455 975 4535 Τοῡγα4
1005 4454 1110 4537 Tugn‘
1140 4459 1174 4520 θί
1194 4453 1320 4536 Buga‚⁵
1349 4471 1413 4520 iiiiii
1443 4468 1513 4517 cum
1544 4452 1611 4518 suis

366 4555 414 4622 καί
435 4561 454 4638 ἠ
477 4557 596 4638 Bonam,
624 4559 693 4636 μετὰ
722 4567 766 4620 τοῦ
793 4559 863 4620 λαοῦ
886 4558 973 4620 αὀπιῑιν
1004 4557 1129 4640 populis
1152 4557 1319 4622 discedens
1335 4557 1374 4624 ab
1389 4555 1469 4639 ipsis
1485 4557 1516 4620 in
1531 4555 1609 4622 Dai-

365 4661 459 4742 ἦλθον
482 4663 522 4736 εἰς
544 4662 718 4742 Δαλματίαν,
752 4660 800 4723 καὶ
825 4655 901 4744 εὗρον
916 4665 977 4735 τοὺς
1007 4661 1136 4727 matiam
1158 4660 1254 4740 venit,
1278 4659 1333 4726 ubi
1353 4658 1472 4726 Abatos
1487 4657 1609 4726 incolas
