3548 5282
1373 413 1437 478 477

188 607 278 691 gravi
300 607 385 674 intra
406 606 569 692 Ungariae
587 605 667 676 fines
688 607 877 692 irrumpens,
894 628 1026 694 magnas
1047 610 1210 678 hominum
1236 617 1361 696 strages
1384 613 1429 682 le-

188 717 307 779 cerunt.
341 712 405 780 Sed
438 712 640 806 llladialavue
674 730 739 796 rex,
774 721 886 782 coacto
916 716 948 780 in
971 733 1068 782 uuum
1098 717 1147 782 eni
1169 717 1259 800 regni
1282 718 1432 803 exercitu,

186 815 220 882 in
241 817 375 886 hostiles
392 823 514 884 turmas
530 817 660 885 viriliter·
677 818 811 904 brucus,
829 818 934 886 diuino
950 824 1114 902 protectus
1131 821 1259 904 auxilio,
1283 822 1434 890 maiorem

188 927 314 1004 partem
334 922 523 991 barbaricae
556 922 693 990 nationis
717 923 836 1005 passim
859 941 918 1006 per
940 940 1069 1007 campos
1091 923 1206 992 stravit
1227 925 1260 991 iu
1288 931 1431 1006 mortem,

187 1025 268 1094 alios
291 1045 368 1098 vero
391 1032 482 1095 extra
503 1027 594 1113 regni
616 1027 751 1095 confinia
773 1027 935 1113 effugarit.

275 1151 409 1215 'rhomae
425 1152 540 1215 archid.
557 1154 664 1232 spalat.
681 1153 748 1216 hiat.
765 1153 880 1216 salonit.
894 1171 918 1216 c.
932 1153 1071 1234 XVII‚.p.
1085 1153 1146 1214 325
1163 1153 1209 1216 ed
1222 1152 1434 1218 Amstelodam.

232 1286 307 1370 Ipse
338 1287 536 1375 (Ladislaus)
563 1291 684 1373 primus
714 1290 908 1356 Dalmatiam
937 1293 1034 1369 atque
1058 1285 1220 1354 Oroatiam
1250 1307 1327 1357 suae
1348 1308 1434 1356 mon·

190 1391 318 1458 archiae
339 1398 496 1477 perpetuo
519 1394 710 1478 subiugavit
734 1392 815 1461 Cum
838 1393 922 1461 enim
943 1411 999 1460 rex
1022 1391 1208 1461 Zolomerus
1231 1394 1299 1460 sine
1321 1393 1429 1462 liberis

190 1496 375 1584 decesiasct,
411 1516 491 1565 uxor
524 1501 601 1585 eius,
635 1517 726 1568 soror
755 1499 842 1580 regis
871 1497 1022 1583 Ladielai,
1053 1497 1094 1565 ab
1124 1497 1259 1564 inimicis
1293 1497 1352 1564 viri
1385 1497 1435 1565 sui

187 1601 298 1669 multis
316 1601 441 1669 iniuriis
470 1608 691 1686 praegravata,
716 1602 865 1669 auxilium
896 1601 1004 1669 fratris
1028 1601 1087 1684 sui,
1110 1601 1196 1684 regie
1227 1600 1379 1688 Ladisloi,
1402 1621 1436 1680 m

189 1706 318 1773 nemine
339 1706 414 1773 Iesu
438 1704 558 1774 Christi
580 1706 773 1791 imploravit.
809 1704 908 1773 Cuius
929 1705 1062 1772 iniurias
1084 1724 1140 1774 rex
1169 1705 1311 1789 graliter
1333 1705 1436 1772 vindi·

188 1811 328 1877 caritot
351 1809 513 1877 Oroatiam
536 1818 632 1894 atque
655 1810 851 1877 Dalmatiam
873 1810 1073 1893 integraliter
1087 1809 1147 1876 eibi
1161 1808 1315 1890 restitnit,
1339 1827 1435 1894 quam

188 1920 302 1996 postea
332 1914 497 1998 praedicta
526 1915 637 1998 regina
667 1934 725 1983 suo
758 1913 899 1982 subdidit
928 1913 1078 1981 dominio.
1108 1911 1201 1990 Quod
1234 1909 1342 1980 tamen
1376 1933 1432 1982 res

178 2019 253 2087 'non
274 2016 350 2087 fecit
372 2024 503 2103 propter
532 2019 749 2102 cupiditatem,
784 2018 842 2086 sed
873 2019 948 2101 qnia
970 2016 1143 2084 secundum
1167 2017 1307 2101 regalem
1340 2017 1432 2084 iusti·

187 2121 266 2188 tiam
287 2121 349 2188 sibi
378 2123 581 2204 competebat
614 2121 808 2207 haereditas,
834 2123 983 2205 quoniam
1006 2119 1134 2202 quidem
1157 2140 1214 2188 rcx
1244 2121 1430 2190 chomerus

186 2225 220 2291 in
253 2227 355 2308 primo
397 2226 499 2310 gradu
532 2224 698 2294 adfinitatis
734 2225 838 2292 eidem
881 2225 1060 2304 attinebat,
1097 2230 1131 2292 ct
1162 2225 1333 2292 haeredem
1366 2243 1430 2294 non

187 2329 309 2397 habuit.

273 2454 313 2515 ll.
330 2455 416 2518 Joan.
433 2455 470 2516 da
489 2453 643 2516 Thnrcca:
666 2452 814 2515 Chronica
836 2453 1045 2530 Hungarornm
1067 2471 1092 2516 c.
1114 2453 1194 2536 LVI,
1211 2471 1240 2531 p.
1258 2401 1319 2514 hil
1338 2453 1384 2517 cd.
1402 2454 1429 2517 J.

231 2538 268 2603 G.
284 2538 507 2603 Schwandtner.
531 2540 702 2618 'l‘yrnavim
728 2538 1076 2602 ueteranorum
1099 2557 1198 2602 rernm
1221 2541 1430 2618 ungaricamm

230 2625 369 2690 decades.
385 2629 459 2692 Dec.
474 2629 515 2711 11,
530 2628 581 2689 lib.
598 2629 628 2708 4,
644 2645 674 2704 p.
693 2629 765 2688 224.
783 2627 958 2688 Hannoviae
976 2627 1068 2689 1606.
1328 2620 1331 2626 '

232 2761 324 2830 Anno
358 2763 587 2830 incarnacionis
616 2763 693 2830 Iesu
722 2762 843 2830 Christi
876 2762 978 2830 nostri
1016 2761 1134 2829 domini
1165 2763 1333 2832 millesimo
1366 2787 1430 2832 xor.

187 2868 267 2950 llyri
289 2867 400 2935 Alexio
423 2867 745 2952 constantinopoleos
767 2868 953 2955 imperante,
984 2869 1129 2950 tempore
1151 2886 1213 2950 quo
1236 2867 1429 2948 vladislaus,

187 2973 426 3041 Pannoniorum
440 2992 507 3053 rex,
524 2971 678 3054 Chroacie
693 2971 849 3039 inuadens
866 2991 998 3056 regnum
1016 2972 1164 3039 domnum
1179 2971 1314 3053 Almam,
1338 2990 1430 3038 suum

189 3077 383 3160 0000106,ῃ
405 3077 437 3143 in
459 3077 514 3146 illc
537 3080 651 3146 statuit
673 3096 790 3162 regem.

272 3203 308 3266 V.
325 3203 549 3264 instrumentum
564 3202 741 3264 iadcrtinum
757 3207 825 3264 acta
840 3221 884 3266 ur.
900 3204 972 3264 128.
988 3219 1019 3279 p.
1039 3201 1110 3262 154.

228 3339 309 3425 (Rex
331 3340 554 3424 Ladisclauus)
582 3339 821 3425 zagrabienscm
852 3338 1019 3405 constituit
1057 3337 1284 3419 episcopatum,
1314 3333 1429 3401 uideli-

184 3452 235 3512 cet
249 3450 287 3511 ut
301 3463 380 3528 quoe
403 3463 493 3512 error
515 3445 694 3512 idololatria
717 3464 737 3512 a
761 3444 812 3510 dei
827 3442 952 3510 cultura
967 3448 1133 3535 estranccs
1149 3438 1279 3521 lacerat,
1304 3437 1431 3522 cpisco-

186 3550 268 3633 palis
291 3568 367 3617 cura
390 3551 431 3616 ad
453 3551 537 3616 uiam
560 3549 705 3615 ueritatis
727 3548 905 3614 reduceret.
930 3546 979 3612 hd
1001 3544 1219 3612 instruendam
1236 3559 1311 3627 ergo
1333 3541 1428 3608 huius

184 3653 288 3737 plebis
309 3655 520 3736 ignorantiam
543 3652 712 3735 quemdam
735 3652 913 3718 boemicum
936 3649 1127 3718 uenerabilis
1149 3648 1215 3715 uite
1230 3647 1343 3727 uirum,
1371 3664 1426 3712 no-

184 3761 270 3826 mine
299 3757 400 3840 Duch,
431 3759 580 3824 idoneum
602 3756 753 3838 repperit,
784 3774 878 3838 quem
898 3755 1003 3821 cidem
1025 3752 1159 3820 ecclesie
1181 3755 1347 3834 pastorem
1371 3768 1428 3832 per

184 3882 278 3932 suum
300 3861 500 3946 capellanum
522 3861 689 3928 Faucicam
712 3861 914 3944 delegauit..
929 3907 958 3924 ..

272 3993 319 4051 Ex
342 3990 535 4051 instrumento
559 4006 587 4050 a.
615 3989 698 4048 1134
722 3989 790 4047 acta
813 4003 856 4045 nr.
883 3986 956 4061 130,
979 4000 1007 4060 p.
1034 3983 1105 4044 156.
1122 3981 1158 4043 V.
1175 3979 1264 4042 etiam
1286 3977 1427 4040 Thaltic':

231 4079 420 4139 Monumenta
435 4074 577 4136 historica
592 4075 781 4151 episcopatuo
796 4071 918 4148 aagrab.
935 4070 975 4149 11,
993 4071 1022 4130 5.

230 4217 314 4366 ὦ
332 4211 577 4363 regguoldleohac
591 4211 725 4274 Ladislai
746 4210 777 4270 in
793 4210 962 4272 (ihrcatiam
985 4207 1173 4285 expeditione
1194 4204 1301 4266 bellica
1316 4222 1345 4266 v.
1363 4203 1429 4264 Rad

315 4305 360 4385 ,1
406 4333 448 4345 -
517 4347 524 4362 .
