3602 5304
1372 425 1435 491 219

245 652 302 711 qne
319 635 501 696 blmsiannm
517 633 718 712 quaerendum
734 649 809 695 esse.
834 631 1052 710 Qualiscunque
1075 634 1189 696 interim
1205 635 1349 713 expositio
1365 635 1437 698 Pro-

239 722 318 798 copii
328 727 357 782 ct
369 719 506 782 iordanis
514 722 682 798 adoptetur,
696 721 726 780 id
735 725 846 781 certum
855 727 910 798 est,
919 721 1038 782 dimidio
1047 722 1165 782 saeculo
1174 722 1216 781 Vl
1224 721 1378 784 Slsrorum
1387 740 1437 800 po·

238 811 326 886 pulos
334 809 391 870 ianr
400 807 438 868 ad
447 809 562 868 laevam
570 805 716 868 inferioris
726 807 792 868 latri
802 807 896 884 ripam
904 807 991 868 sedes
1002 805 1350 884 suesiixisaeitaquidem
1359 808 1438 885 quod

239 895 358 956 Slaveni
381 894 501 971 proprie
523 893 592 954 dicti
616 888 782 976 (trusere)
806 895 948 954 immensa
971 893 1022 955 iila
1036 893 1242 973 interistrum,
1258 897 1438 955 Danastrum

243 980 399 1042 atridam
414 982 512 1056 spatia
525 981 754 1058 occupaverint,
779 985 868 1056 atque
892 978 930 1040 sd
957 979 1137 1041 occiderem
1154 979 1285 1059 Gepides
1301 983 1330 1042 iu
1345 981 1440 1042 Dacia

242 1067 373 1128 confines
388 1066 552 1128 munaus.
569 1065 612 1128 cr.
629 1048 748 1130 duram
763 1084 810 1144 op.
828 1067 877 1127 οι.
893 1085 923 1144 p.
941 1067 1013 1143 eea,
1031 1067 1104 1148 aas,
1122 1067 1194 1128 uer.

285 1154 332 1214 Ex
354 1155 406 1214 ills
428 1157 515 1214 rasta
539 1153 658 1230 regione
682 1152 800 1214 Slaveni
816 1152 939 1213 traiecto
956 1153 1033 1213 Istro
1049 1153 1152 1213 iudea
1166 1153 1269 1230 primis
1284 1152 1438 1213 lastiniani

242 1241 357 1317 imperii
378 1241 465 1302 aunis
486 1241 613 1300 vicinam
637 1239 795 1300 Thraciam
820 1241 938 1315 saepius
959 1240 1091 1315 populati
1108 1243 1189 1315 sunt;
1217 1257 1318 1300 eornm
1334 1239 1438 1300 lterum

242 1346 299 1386 non
317 1327 404 1402 pauci
418 1327 448 1386 in
464 1327 663 1386 Romanorum
681 1327 830 1402 exercitu,
854 1325 1030 1402 praeprimis
1045 1326 1074 1385 iu
1089 1325 1193 1402 Italis,
1217 1324 1365 1403 stipendia
1379 1343 1438 1386 me-

242 1419 373 1475 ruerunt.
402 1414 528 1489 Procop.
545 1413 677 1474 debello
699 1411 793 1500 golth.
818 1411 868 1472 lib.
885 1413 899 1471 1
915 1429 940 1472 c.
958 1412 1010 1471 27.
1030 1413 1079 1472 lib.
1096 1412 1125 1472 11
1142 1429 1166 1474 ο.
1187 1413 1235 1490 15,
1261 1413 1311 1472 26.
1327 1413 1376 1474 lib.
1395 1411 1438 1472 lli

241 1520 267 1560 c.
288 1503 336 1577 13,
354 1501 405 1560 ab.
917 1501 919 1509 ⁴

237 1619 245 1649 ¹
264 1615 413 1685 Procopius
432 1613 478 1684 (de
496 1613 568 1671 bcllo
587 1614 675 1684 gotth.
692 1613 740 1669 lib.
759 1613 799 1668 111
818 1629 840 1669 c.
859 1617 892 1669 33
911 1621 939 1669 et
958 1616 1000 1682 38,
1018 1613 1063 1668 lib.
1083 1612 1121 1669 1v
1139 1630 1162 1670 c.
1181 1615 1209 1684 3)
1228 1615 1367 1672 universas
1391 1617 1439 1672 im·

198 1703 268 1774 perii
287 1703 315 1757 in
333 1702 446 1773 Europa
464 1703 620 1772 prouincias
638 1701 740 1774 Illyrici
759 1709 787 1757 ct
805 1700 939 1757 Thraciae
957 1701 1064 1757 nomine
1078 1701 1273 1772 complectitur.
1293 1703 1440 1772 Utriusque

199 1790 280 1846 limes
298 1787 333 1846 ad
351 1789 450 1845 Istrum
469 1789 539 1845 Utus
557 1791 642 1856 (nnuc
659 1787 725 1858 Vid)
743 1787 843 1844 fluvius
860 1787 945 1844 luisse
960 1787 1074 1857 uidetur,
1092 1787 1127 1843 ad
1139 1790 1277 1845 meridiem
1290 1805 1354 1846 vero
1367 1807 1441 1846 mon·

197 1878 266 1933 tium
291 1883 409 1948 tractus,
436 1878 484 1946 qui
507 1877 542 1932 ab
566 1877 670 1933 Haemo
694 1891 789 1931 sersus
812 1879 932 1946 Aegeum
956 1874 991 1932 ad
1015 1875 1208 1932 occidentalem
1232 1876 1312 1933 Nosti
1331 1877 1441 1948 (Mente,

198 1965 320 2036 Hersen)
338 1963 446 2035 plagam
455 1971 627 2034 procurrunt.
645 1962 689 2018 Ad
700 1963 839 2034 Illyricum
852 1963 945 2032 itaque
956 1963 1047 2018 latiori
1060 1979 1141 2020 consu
1153 1963 1314 2033 spectabant
1326 1971 1441 2034 utraque

199 2051 287 2107 Dacia
305 2051 475 2122 (metropolis
493 2051 604 2107 Serdica
621 2057 650 2106 et
667 2049 810 2119 Ratiaria),
836 2050 941 2105 Moesia
958 2051 1083 2119 superior
1101 2051 1313 2120 (Viminacium),
1331 2050 1440 2108 Ilerda-

198 2139 246 2194 nie
270 2138 391 2208 (Scupi),
419 2139 557 2194 Praevalis
576 2136 710 2206 (Scodra),
733 2142 850 2206 utreque
873 2137 1034 2193 Macedonia
1061 2135 1266 2206 (Thessalonica
1290 2144 1317 2192 et
1342 2136 1441 2210 Stobi),

199 2225 304 2295 Epirus
322 2225 552 2296 (Dyrrhachium),
573 2223 723 2289 Thessalia,
742 2223 837 2279 Hellas
855 2229 883 2278 et
901 2223 996 2294 Creta3
1016 2239 1098 2279 seusu
1116 2239 1180 2280 sero
1198 2225 1329 2280 strictiori
1347 2240 1440 2280 omnes

198 2312 262 2368 illae
288 2310 444 2381 provinciae
468 2318 582 2381 excepto
607 2310 705 2381 Epiro,
731 2309 887 2379 Thessalia,
911 2309 1025 2366 Hellade
1049 2319 1077 2366 et
1101 2309 1190 2366 Creta
1218 2309 1256 2368 (ll
1276 2311 1388 2382 Procop.
1406 2311 1440 2366 de

199 2397 271 2454 bello
292 2397 401 2455 Persico
419 2397 467 2454 lib.
486 2399 512 2452 11
530 2415 552 2452 c.
571 2401 595 2452 4.
614 2397 737 2454 debello
755 2398 843 2468 gotth.
861 2397 909 2453 lib.
928 2397 967 2452 lll
992 2413 1015 2452 c.
1033 2401 1074 2452 29.
1094 2397 1128 2454 de
1145 2397 1276 2454 aedificiis
1293 2397 1341 2454 lib.
1359 2399 1398 2454 lv
1417 2414 1439 2454 c.

198 2491 222 2542 2.
247 2485 289 2542 ed
313 2485 400 2542 Ronn.
428 2485 562 2541 Hieroclis
586 2485 762 2555 synecdemus
787 2483 829 2541 ed.
854 2485 939 2542 Bono
963 2502 990 2556 p.
1016 2488 1133 2550 sol-a,
1161 2489 1214 2541 410
1240 2491 1343 2556 etseq.
1370 2485 1439 2542 Vide

198 2571 466 2644 Sprnmner·blenlre
490 2571 661 2628 Hand-Atlas
684 2589 734 2628 rur
757 2572 920 2628 (lasabichte
944 2571 991 2629 des
1014 2573 1189 2628 Mittelalters
1213 2588 1254 2626 nr.
1279 2575 1321 2627 75.
1346 2572 1441 2628 Orient

198 2675 240 2716 ur.
262 2667 284 2714 1.
379 2641 564 2730 ’Δυρράχιον
586 2642 605 2726 ᾗ
628 2665 704 2706 ποτε
726 2631 914 2731 Ἐπίδαμνος,
932 2659 1089 2730 metropolis
1102 2659 1181 2730 Epiri
1193 2674 1287 2714 novae.
1305 2659 1441 2716 Hieroclis

197 2745 376 2816 synecdemus
394 2745 435 2800 ed.
455 2746 499 2799 cit.
518 2761 545 2816 p.
565 2748 623 2812 393,
645 2747 703 2800 431.

805 2925 832 2986 2.

198 3009 221 3070 l.
238 3009 282 3072 itt

445 3109 570 3176 Sturam
596 3108 762 3177 Thraciam
783 3119 811 3178 et
834 3111 1001 3196 illyricum
1025 3111 1196 3176 decertant.

243 3231 320 3296 Ὑπὸ
335 3241 442 3296 τοῦτον
457 3232 510 3296 τὸν
523 3232 625 3319 χρόνον
636 3231 807 3321 στράτευμα
881 3233 946 3300 Sub
970 3234 1053 3299 idem
1074 3237 1200 3315 tempus
1216 3231 1441 3298 Sclavenorum

198 3337 382 3421 Σκλιιβηνῶν
396 3331 430 3400 οὗ
454 3334 577 3406 πλέονῆ
593 3337 621 3411 ἐς
637 3337 808 3424 τρισχιλίους
837 3335 1009 3422 exercitus',
1041 3357 1080 3404 ex
1107 3338 1209 3404 tribus
1237 3337 1338 3404 solum
1369 3353 1442 3402 con·

199 3439 414 3531 ἀγογερρὲνον,
450 3440 587 3528 ποταμόν
616 3463 652 3504 τε
684 3438 806 3528 Ἴστρον,
837 3440 932 3508 flatus
961 3443 1100 3508 virorum
1130 3440 1286 3520 millibus,
1317 3442 1443 3508 nemine

200 3537 316 3619 οὐδενὸς
331 3545 422 3633 ορίοιν
441 3543 698 3619 ἀντιστατοῦντος,
714 3536 810 3627 διέβη·
840 3544 1028 3628 prohibente
1050 3545 1166 3612 Istrum
1194 3543 1323 3612 fluvium
1340 3547 1442 3612 -treie

200 3675 266 3726 σοιν,
290 3652 340 3714 καὶ
361 3649 442 3732 τόνῳ
457 3639 550 3714 οὐδενὶ
563 3649 701 3736 ποταμὸν
716 3641 808 3737 Εὗρον
838 3650 890 3730 cit,
907 3668 946 3716 ac
958 3649 1044 3716 nullo
1057 3650 1185 3734 negotio
1197 3650 1330 3718 subinde
1337 3656 1441 3716 trans·

200 3756 290 3828 εὐθὺς
311 3747 465 3838 διαβάντος
487 3745 559 3842 δίχα
580 3752 723 3842 ἐγένοντο.
747 3751 807 3840 εἶχε
836 3755 933 3821 misso
947 3753 1057 3821 Hebro
1074 3751 1201 3822 flumine
1216 3754 1361 3822 bilariam
1378 3755 1441 3820 die·

200 3854 234 3927 δὲ
256 3863 357 3924 αὐτῶν
379 3857 472 3946 ἁτέρα
486 3857 539 3945 μὲν
553 3859 692 3946 ξυρμορίο
715 3861 807 3922 dacc-
837 3859 949 3950 cessit3
966 3858 1135 3925 constabat
1151 3877 1226 3942 pars
1242 3859 1343 3927 altere
1355 3859 1442 3926 mille

200 3965 421 4037 ιιοοίοοςτοιιιιὶ
435 3965 552 4050 χιλίους,
575 3952 640 4032 elli
662 3953 701 4032 dl
722 3961 809 4050 ἑτέρα
838 3964 1036 4048 octingentis,
1052 3963 1303 4045 alterareliquis.
1329 3961 1442 4029 Utres·

201 4071 269 4144 τοὺς
292 4067 502 4142 ιιοιτοιλοίτους.
526 4065 672 4156 ἑκατέροις
692 4065 745 4155 μὲν
759 4059 808 4131 οὖν
838 4087 908 4152 que,
933 4069 1077 4150 quamvis
1098 4067 1241 4147 invicem,
1265 4073 1302 4132 ut
1324 4067 1444 4133 dictum

198 4175 251 4238 icat
281 4172 349 4260 παρ’
372 4170 512 4244 ἀλλήλων
542 4168 809 4258 ἀτολιλιιριρένοις,
840 4177 900 4250 est,
931 4177 1113 4254 separatos,
1145 4170 1290 4255 agoressi
1312 4171 1346 4236 in
1369 4169 1443 4253 Illy·

201 4279 300 4364 ὥοτορ
322 4275 442 4364 ἐρρήθη,
464 4276 493 4348 ἐς
513 4287 610 4363 papan
629 4273 770 4348 ἐλθόντες
785 4277 811 4338 οἱ
841 4277 905 4342 rico
930 4274 1130 4358 Thraciaque
1145 4271 1303 4340 exercitus
1323 4274 1445 4340 romani

202 4391 257 4446 τοῦ
279 4377 435 4468 Ῥωμτιίον
462 4389 591 4467 στρατοῦ
619 4377 758 4468 ἄρχοντος
780 4383 809 4443 ἔν
839 4380 936 4446 duces
973 4384 1102 4462 praeter
1129 4359 1324 4460 opinionem
1370 4377 1443 4442 victi

192 4487 237 4550 ’τε
259 4483 400 4572 Ἰλλυριοῖς
421 4485 471 4546 καὶ
493 4481 609 4572 Θρρξιν,
632 4481 808 4554 adorea
839 4489 930 4567 suut,
966 4499 1004 4549 ac
1037 4483 1153 4566 partim
1187 4483 1232 4549 ibi
1262 4480 1444 4549 ceciderunt

201 4613 237 4655 τε
258 4591 299 4654 ta
313 4593 371 4652 ’τοο
393 4580 616 4676 ἀπροσδοκήτου
633 4589 683 4652 καὶ
705 4591 732 4651 οἱ
753 4587 806 4676 μὲν
836 4587 951 4671 partim
975 4592 1145 4655 evaserunt
1164 4585 1371 4670 incomposite
1393 4583 1441 4650 lu·

204 4697 297 4758 οιύτοῦ
329 4683 546 4780 διορθάρηοιιν,
583 4695 610 4755 ot
643 4681 676 4757 δὲ
706 4692 808 4780 κόορλρ
838 4693 972 4775 merus.
1012 4693 1185 4774 Postquam
1222 4690 1263 4757 ab
1307 4694 1442 4771 utroque
