3604 5276
220 465 228 482 ‚
341 397 403 459 aaa

904 605 1036 680 167.

345 705 430 768 nou.

344 806 471 874 Stoucni
493 811 757 898 (χιοιιιιοιιὲοιιοιο),
782 812 914 899 ctupcni
938 815 1065 900 subditi,
1096 837 1165 880 cum
1187 821 1322 884 coercitor
1345 822 1470 884 aoarico
1496 818 1586 884 unus-

794 918 964 983 cotooicom
987 918 1134 984 obsident.

387 1011 477 1079 Μετὰ
505 1017 562 1106 χεὶρ
584 1019 639 1089 τὴν
661 1010 718 1090 ἤδη
741 1021 947 1107 &papatuum
1020 1023 1097 1090 Post
1116 1025 1181 1106 jam
1206 1026 1382 1092 ιιιιιιολιιιιιι
1406 1044 1481 1110 ergo
1499 1023 1584 1092 Scla-
1650 1077 1653 1080 -

344 1127 404 1182 τῶν
426 1114 607 1199 Σκλαῦίνων,
630 1122 697 1195 ἤτοι
718 1133 774 1186 τοῦ
788 1121 950 1210 Χάτζωνος
979 1145 1090 1192 vorum
1122 1146 1179 1194 seu
1211 1127 1382 1196 Chatzouis
1414 1147 1583 1197 numeroso
1620 1171 1624 1180 ·

344 1219 531 1310 πάρπληθον
554 1225 653 1315 ὁρμὴν,
682 1229 731 1290 καὶ
753 1227 809 1297 τὴν
829 1228 874 1291 ἐπ’
897 1232 950 1292 αι’»-
980 1247 1050 1296 cum
1073 1233 1214 1298 exercitu
1238 1233 1491 1315 aggressionem,
1521 1233 1585 1299 iac·

343 1337 403 1400 τοῖς
424 1329 619 1416 χεγενιρένην
641 1321 690 1394 διὰ
711 1341 766 1394 τοῦ
782 1331 950 1420 ἀεθλοφόρου
981 1339 1109 1415 tamque
1141 1337 1173 1400 in
1208 1337 1246 1402 iis
1284 1356 1342 1419 per
1378 1335 1585 1403 certaminum

345 1432 495 1495 εὐάλωτον
518 1422 631 1498 δικαίαν
652 1435 868 1526 αατασραχιλν,
899 1439 950 1500 καὶ
978 1439 1130 1505 victorem
1143 1438 1497 1523 faciliucgotiojustam
1513 1459 1584 1506 cae-

345 1535 447 1598 λσιτὸν
477 1541 515 1612 ὡς
545 1528 746 1603 ἐπονείδιστον
777 1541 876 1614 αὐτοῖς
897 1540 950 1604 τὸν
979 1543 1068 1622 dem,
1102 1549 1140 1608 ut
1169 1543 1304 1630 bellum,
1339 1543 1494 1610 adversus
1527 1563 1585 1612 nos

342 1639 415 1702 καθ’
427 1643 503 1726 ἡμᾶς
517 1640 656 1728 γενέσθαι
671 1642 811 1731 πόλεμον,
835 1637 949 1726 pisitur
979 1652 1110 1728 motum,
1143 1647 1289 1728 ipsismet
1307 1647 1374 1729 jam
1396 1649 1596 1730 probrosum

343 1763 379 1805 τε
400 1745 434 1806 οὐ
456 1744 558 1832 μικρὰν
580 1747 686 1820 αὐτοὺς
716 1745 882 1834 ὑπομένειν,
914 1748 947 1811 ἐκ
977 1755 1080 1828 esset,
1115 1751 1328 1832 damnumque
1361 1750 1446 1817 haud
1482 1752 1581 1818 modi·

344 1845 399 1909 ’τοῦ
437 1869 505 1921 τους
534 1849 582 1911 ὑπ’
612 1852 711 1913 αὐτῶν
748 1855 952 1939 αἰχμαλωτισ-
983 1871 1053 1918 cum
1083 1873 1119 1920 ex
1150 1872 1206 1932 eo,
1237 1855 1322 1934 quod
1353 1855 1437 1937 capti
1467 1855 1506 1922 ab
1530 1856 1584 1929 cis,

343 1949 453 2024 θέντας
484 1957 521 2025 εἰς
550 1953 606 2022 τὴν
627 1955 699 2017 καθ’
721 1958 799 2042 ἡμᾶς
821 1955 950 2043 &nopai-
980 1956 1137 2040 fugientes
1167 1958 1209 2023 ad
1238 1959 1399 2024 civitatem
1430 1963 1583 2043 nostram,

343 2075 451 2140 χοντας
473 2055 643 2120 θεόσωστον
658 2057 742 2121 πόλιν
758 2059 947 2146 ἑλευθεροῦο-
979 2081 998 2126 a
1022 2061 1083 2127 deo
1100 2067 1269 2142 servatam,
1289 2081 1346 2144 per
1362 2064 1496 2130 istorum
1511 2062 1583 2130 uiue

343 2159 399 2222 θαι
421 2148 469 2220 διὰ
497 2169 552 2223 τοῦ
581 2150 691 2249 ὁδηγοῦ
718 2164 768 2225 καὶ
798 2165 950 2251 λυτρωτοῢ
981 2165 1092 2231 ducein
1123 2166 1411 2248 sospitatoremque
1440 2172 1585 2232 nostium]

344 2261 443 2326 ἀυτῶν
473 2265 523 2325 καὶ
553 2266 636 2350 ἡμῶν
665 2255 823 2353 κηδεμόνος
845 2267 952 2348 Aepu—
983 2285 1020 2334 ac
1042 2275 1219 2335 curatorem
1238 2269 1437 2336 Demetrium
1459 2270 1586 2338 liberati

343 2364 432 2446 τρίοιι·
447 2367 531 2430 ἐνθεν
554 2359 603 2430 οὖν
618 2370 728 2456 πικρίας
744 2373 841 2444 αὐτοῖς
856 2369 946 2434 ὑπέκ-
976 2378 1101 2452 essent,
1135 2371 1320 2453 sufferrent,
1353 2374 1468 2439 euenit.
1501 2373 1584 2439 Hinc

343 2489 445 2554 καυμα
474 2479 566 2533 τοῦτο
595 2471 724 2558 γίνεται,
756 2473 856 2561 ὅτιπερ
883 2474 951 2561 πρὸς
981 2477 1078 2558 igitur
1100 2475 1133 2542 id
1155 2476 1217 2541 inis
1240 2477 1459 2543 amaritudinis
1484 2475 1585 2543 fomes

344 2565 384 2643 οἷς
396 2580 456 2634 τῶν
471 2563 661 2660 ἀνδραπόδων
673 2585 852 2663 στερσῢνται,
868 2578 949 2640 ἀλλὰ
979 2585 1031 2644 est
1063 2569 1198 2658 iactum,
1238 2581 1322 2662 quod
1360 2587 1584 2663 praeterquam

342 2677 392 2737 καὶ
414 2698 479 2738 τινα
511 2686 572 2740 τῶν
595 2677 709 2742 πώλων
731 2690 786 2752 τῆς
808 2681 951 2764 ἐξαύτῶν
981 2683 1067 2765 quod
1090 2683 1254 2765 mancipiis
1277 2685 1484 2762 orbarentur,
1515 2683 1587 2748 aliis

343 2779 516 2865 πορθήσεως
550 2775 753 2869 λοιμῧάνοντες
782 2785 851 2871 πρὸς
881 2784 949 2859 τούς
980 2788 1075 2854 etiarn
1094 2786 1298 2870 quibusdam,
1322 2805 1404 2870 quae
1425 2787 1471 2853 illi
1494 2805 1586 2870 prae·

278 2965 280 2970 ,
344 2881 480 2946 ἐνταῦθα
495 2875 762 2972 ἀποδιδράοιιουοιν.
785 2881 949 2973 necnon
979 2891 1046 2956 dati
1075 2891 1217 2970 fuerant,
1250 2890 1422 2976 surreptiS,
1454 2890 1495 2955 ad
1518 2908 1584 2968 eus,

342 2985 458 3060 τούτοις
473 2988 607 3072 ἑξπόνου
622 2991 761 3077 μεγιστου
776 2991 943 3080 γεγένηται,
975 2995 1029 3074 qui
1051 2995 1102 3060 nic
1129 3001 1219 3073 sunt,
1254 2994 1454 3078 aufugerent.
1476 2993 1505 3058 E
1528 2993 1584 3060 du-

342 3091 392 3152 ιιαὶ
414 3081 493 3176 δῶρα
515 3089 683 3178 πάμπολλα
706 3095 947 3182 συναθροίσαντες
975 3099 1045 3164 lore
1067 3099 1176 3180 itaque
1198 3098 1334 3164 maximo
1356 3096 1519 3164 consilium
1536 3097 1585 3160 in-

342 3203 388 3275 τῷ
417 3203 478 3257 τῶν
500 3187 624 3284 ntupum
653 3196 777 3285 χαγάνῳ
807 3191 841 3262 a·
871 3201 947 3264 ἀπο·
977 3203 1051 3280 iere,
1075 3201 1274 3284 plurimaque
1290 3207 1484 3284 congregata
1499 3200 1585 3265 dona

342 3319 498 3385 αρισιαριων
521 3303 655 3363 ἔστειλαν
671 3301 825 3388 ὑπόσχεσιν
848 3304 949 3366 uneto-
980 3322 1037 3385 per
1059 3306 1279 3386 apocrisiarios
1297 3306 1338 3370 ad
1358 3304 1495 3370 Avarum
1512 3303 1584 3369 cha-

342 3423 397 3473 τας
418 3404 508 3474 ὁλκῆς
530 3403 689 3490 χρήματος,
713 3405 792 3492 persi
814 3407 864 3468 καὶ
886 3416 947 3469 τῶν
976 3426 1094 3490 ganum
1115 3409 1286 3486 miserunt,
1320 3426 1392 3475 sese
1414 3413 1586 3494 practerea

342 3503 513 3591 μελλόντων
534 3509 761 3592 septumum
782 3511 868 3572 aurci
890 3502 946 3573 διε·
977 3512 1103 3592 plurimi
1126 3513 1330 3594 pecuniarum
1354 3511 1505 3594 ponderis
1520 3529 1585 3576 uua

342 3599 530 3700 iciunum,
561 3611 595 3674 ὲκ
623 3620 677 3684 τῆς
705 3611 777 3675 καθ’
794 3617 872 3700 ἡμᾶς
893 3613 948 3676 πό-
978 3633 1048 3680 cum
1071 3617 1128 3691 iis,
1152 3634 1248 3697 quae,
1281 3621 1317 3681 ut
1339 3617 1399 3697 ipsi
1422 3615 1582 3698 dicebant,

341 3713 415 3786 λεως
443 3710 578 3800 παρέχειν
607 3715 868 3803 ἐπαγγειλάμενοι,
891 3721 950 3804 εἶχε
980 3718 1150 3785 ecivitate
1179 3724 1290 3785 nostra
1319 3717 1502 3801 praedaturi
1533 3736 1583 3784 es·

341 3815 397 3886 τιλν
419 3817 512 3879 αὐτοῦ
527 3817 575 3880 ἐπὶ
590 3827 681 3882 τοῦτο
696 3817 871 3906 παράσχοιεν
894 3823 947 3884 αὐ-
978 3829 1060 3902 sent,
1082 3823 1323 3905 promissionem
1339 3821 1513 3905 adJuugere
1529 3841 1584 3888 en·

341 3931 402 3994 τοῖς
431 3922 610 4008 συμμαχίαν·
645 3927 683 3996 ὡς
713 3921 866 3987 εὐαλώτου
895 3933 949 3998 τῆς
980 3927 1174 4006 nunciantes,
1198 3929 1225 3992 si
1247 3927 1326 4009 ipsis
1350 3927 1391 3992 ud
1413 3926 1473 3992 hoc
1496 3925 1584 3991 socia

341 4022 454 4098 πόλεως
462 4024 529 4111 παρ’
538 4028 622 4107 αὐτῷ
633 4027 945 4116 ααθσμιλσχαθείσης,
976 4048 1064 4096 arma
1078 4030 1175 4096 veliet
1189 4030 1360 4112 praebere:
1385 4047 1455 4096 cum
1472 4029 1583 4094 civitas

340 4126 454 4202 ταύτης
476 4129 652 4216 φασκόντων,
671 4131 737 4218 παρ’
757 4134 854 4206 αὐτοῖς
869 4131 944 4218 λήρ-
975 4134 1060 4216 apud
1083 4134 1254 4216 ipsummet
1276 4133 1377 4199 facilis
1400 4138 1582 4217 expugnatu

339 4230 522 4318 θιασρένπς,
553 4235 603 4296 καὶ
625 4233 775 4321 μὴμόνον
798 4239 835 4308 εἰς
858 4233 945 4322 μέσον
976 4243 1214 4322 agnosceretur,
1238 4238 1317 4316 fore,
1333 4243 1423 4303 ntea
1439 4237 1583 4320 perillus

339 4336 437 4398 αὐτῶν
466 4335 669 4411 καθεστάναι,
701 4328 734 4400 a·
756 4337 803 4401 ὅτι
825 4337 880 4412 ταὶς
897 4339 945 4402 ὑπ’
976 4347 1152 4422 caperetur,
1177 4341 1332 4421 dicebaut,
1356 4359 1416 4406 nec
1432 4340 1532 4405 solam
1549 4341 1581 4405 in

339 4437 434 4507 αὐτὴν
456 4436 553 4512 πάσας
575 4440 674 4513 πόλεις
695 4443 746 4504 καὶ
761 4443 949 4529 ἐπαρχίαςέξ
976 4445 1080 4510 medio
1097 4463 1207 4511 eorum
1224 4444 1474 4527 relinquendam,
1495 4443 1581 4525 quod

338 4543 615 4616 obsurdescimus
642 4541 797 4630 γενέσθαι,
829 4546 944 4616 ταυτὸν
975 4566 1083 4614 ornnes
1121 4549 1204 4613 cirta
1240 4547 1326 4612 iliam
1360 4547 1506 4613 civitates
1542 4565 1580 4611 uc

338 4635 371 4708 δὲ
393 4643 500 4733 μόνην,
530 4647 634 4720 καθώς
662 4652 788 4734 εἴρηται,
822 4648 940 4738 ἰμριὲσῳ
970 4651 1149 4734 prouinciae
1186 4651 1417 4719 habitatoribus
1461 4668 1581 4717 vacuae
