3480 5284
726 636 813 709 17.

149 761 205 822 lert
220 759 267 830 lli,
282 760 336 833 „erl
351 761 384 822 lic
400 761 631 824 taurianensis.
646 761 739 824 telone.
843 749 844 752 ¹

153 913 308 998 „cama
329 869 528 982 arnamar
552 913 635 981 mara
652 916 790 1002 peon,
821 916 969 982 narrum
990 924 1019 982 o
1036 916 1147 1002 populi
1167 917 1301 982 canons
1322 914 1382 980 Ja-

150 1019 292 1086 dcrtinee
312 1019 507 1105 reaedificato
528 1024 713 1088 monastario
741 1023 842 1088 sancti
866 1019 1057 1107 Chrysogoni
1076 1017 1238 1100 iadorae,
1261 1021 1383 1092 ordinis

150 1145 187 1257 a..
200 1121 374 1212 Benedicti,
405 1126 527 1213 ducque
556 1125 660 1193 abbati
689 1123 816 1212 Medio,
843 1129 936 1212 prius
964 1124 1110 1193 monacho
1140 1127 1382 1212 cmprcpotionis

251 1262 261 1287 ο
396 1276 398 1283 ,
667 1229 870 1298 Oosdnmns.

194 1353 246 1436 (In
258 1350 376 1436 Christi
388 1337 522 1434 nomine,
539 1355 584 1438 et)
597 1354 973 1442 eiusdemincamationis
985 1371 1067 1420 anno
1079 1350 1383 1419 DCCCCLXXXVI

148 1455 320 1526 indictione
341 1478 416 1542 nup,
441 1459 499 1526 snb
523 1459 573 1526 die
596 1458 663 1526 fere
684 1478 768 1542 rvrnp
791 1459 908 1526 mensis
931 1459 1115 1546 decembris.
1149 1458 1409 1542 Imperantibus·

155 1561 287 1630 dominis
309 1564 458 1645 piissimis
481 1565 528 1648 (et
549 1561 724 1650 perpetn)is
747 1564 906 1648 augrustis:
936 1562 1055 1631 Basilio
1078 1569 1110 1630 et
1133 1561 1339 1630 Constantino
1363 1583 1382 1628 e

152 1666 211 1734 deo
235 1651 376 1735 coronati
396 1670 501 1752 magni
523 1665 747 1758 impetitores,
782 1663 866 1753 apud
890 1669 1049 1734 ciuitatem
1071 1667 1190 1733 tedere
1211 1665 1401 1756 pontificali¹
1430 1707 1434 1716 ·

150 1772 209 1838 sub
232 1765 389 1858 regimine*
405 1773 581 1857 Anasta(sii
604 1775 752 1856 episcopi.
776 1775 890 1858 Igitur)
913 1793 973 1856 ego
997 1773 1123 1856 quidem
1145 1772 1263 1852 Maius,
1296 1759 1383 1856 prior
1512 1825 1514 1830 .

151 1896 249 1960 supra
264 1878 348 1946 dicte
362 1879 498 1945 ciuitatis
515 1884 610 1962 etque
626 1878 794 1962 proconsul
808 1878 1046 1968 Dalmatiarum,
1062 1893 1126 1943 una
1141 1897 1210 1943 cum
1223 1879 1395 1944 consensu

151 1982 287 2048 omnium
311 1983 461 2048 nobilimn
484 1982 606 2050 ciuitati
628 1982 753 2062 tedere,
777 1991 834 2050 sen
856 1989 889 2050 et
910 1983 1093 2066 here(dibus
1109 1983 1227 2050 domini
1241 1983 1381 2066 F)usculi

151 2093 247 2168 atque
268 2085 394 2156 Andree
416 2089 546 2174 prioris,
576 2089 784 2155 mascmorum
807 2107 864 2156 seu
886 2088 1089 2175 fenrinerum,
1121 2079 1223 2170 atque
1239 2089 1380 2154 uniuersi

150 2193 275 2274 populi,
296 2193 461 2260 ‚maiorum
483 2199 517 2260 et
544 2195 700 2260 minomm
731 2195 885 2274 omnium,
919 2194 950 2258 in
980 2213 1077 2259 unum
1107 2193 1286 2277 conglobati
1317 2211 1380 2259 uno

150 2297 294 2388 consilio,
311 2303 358 2363 et'
371 2298 455 2381 palri
483 2299 662 2382 uoluntate
700 2299 874 2381 cogitantes
904 2299 944 2364 de
974 2298 1025 2365 dei
1054 2300 1165 2365 timore
1204 2305 1238 2364 et
1273 2303 1383 2364 eterna

42 2407 48 2422 ‘
150 2401 390 2483 retribucione,
423 2421 460 2470 eo
484 2404 568 2486 quod
590 2403 644 2470 ille
666 2404 748 2470 benc
769 2403 948 2494 possideret
969 2421 1021 2468 res
1043 2404 1076 2467 in
1100 2404 1221 2498 seculo,
1246 2405 1299 2486 qui
1321 2402 1380 2468 sibi

150 2505 191 2572 de
220 2508 366 2600 terrenis·
383 2511 478 2590 atque
507 2509 632 2574 caducis
662 2512 823 2590 comparat
852 2508 972 2590 premia
1003 2508 1202 2590 sempiterna.
1235 2507 1274 2572 Id
1297 2509 1378 2574 circo

59 2663 65 2674 .
150 2612 317 2678 ecclesiam
340 2612 426 2679 beati
443 2611 628 2695 chrisogoni
650 2613 806 2696 martyris,
830 2631 892 2695 quo
915 2613 977 2678 sita
1000 2619 1050 2678 est
1070 2613 1154 2678 intre
1176 2632 1281 2698 muros
1305 2613 1380 2678 ciui-

149 2717 234 2796 tatis,
258 2717 311 2783 ubi
335 2722 368 2784 et
397 2718 641 2784 sacratissimum
672 2719 755 2783 eius.
771 2736 883 2801 corpus
913 2717 1098 2802 requiescit,
1132 2719 1215 2799 quod
1242 2723 1291 2785 est
1313 2717 1379 2784 edi·

148 2817 243 2887 ficata
264 2841 284 2888 a
305 2822 455 2904 predictis
475 2821 552 2888 uiris
575 2823 689 2888 domno
712 2814 903 2888 Fusculo'et
917 2821 1044 2889 Andrea
1057 2823 1172 2905 priore,
1196 2821 1380 2889 ubidicitur

150 2925 234 3006 quod
257 2925 425 3009 aliquando
446 2927 670 2992 monesterium
683 2924 804 3005 fuisset,
829 2934 878 2992 set
892 2944 949 3007 per
963 2925 1185 3010 negligentiam
1203 2925 1378 3006 deiecisset,

149 3048 232 3094 nuno
254 3031 424 3097 adiuuante
448 3031 572 3097 domino
595 3029 832 3098 rehedifieamus
854 3031 1025 3096 secundum
1048 3049 1170 3120 omnem
1197 3032 1379 3097 monasterii

150 3131 307 3230 ordinem
329 3141 424 3217 atque
439 3135 619 3202 ordinamus
634 3137 782 3202 domnum
798 3135 947 3218 Medium,
972 3135 1022 3200 dei
1038 3136 1235 3224 sacerdotem
1257 3144 1290 3202 et
1312 3154 1378 3201 mo-

149 3239 295 3319 nachum,
318 3243 461 3306 nostrum
484 3259 555 3306 esse
576 3240 741 3330 abbatem,
766 3241 819 3322 qui
841 3239 901 3305 fuit
923 3259 961 3306 ex
983 3239 1172 3307 monasterio
1196 3240 1295 3306 sancti
1317 3239 1378 3306 Be-

148 3345 276 3430 nedicti,
300 3345 385 3426 quod
407 3345 501 3412 sit-um
524 3351 573 3410 est
595 3346 627 3410 in
650 3352 756 3411 monte
777 3345 899 3423 Casino,
926 3364 987 3411 una
1009 3363 1078 3410 cum
1098 3362 1251 3424 consensu
1273 3350 1379 3411 nostre

148 3449 399 3533 congregationis
425 3449 512 3516 beati
542 3448 738 3532 chrisogoni.
773 3449 817 3515 Et
845 3451 998 3515 tradimus
1026 3450 1054 3515 ei
1082 3449 1223 3531 predicte
1245 3449 1377 3534 ecclesie

148 3555 254 3621 omnia
275 3553 392 3620 ibidem
416 3555 623 3637 pertinentia:
656 3555 784 3633 domus,
808 3555 930 3632 uineas,
945 3559 987 3620 ct
1010 3561 1117 3619 terres
1134 3553 1235 3618 cultas
1259 3553 1310 3618 uel
1333 3555 1378 3618 in-

149 3658 261 3736 cultas,
284 3657 414 3725 mobilia
435 3679 491 3725 sen
513 3659 694 3742 immobilia,
719 3663 754 3722 ut
775 3660 807 3722 in
830 3658 929 3740 ipsius
952 3659 993 3723 sit
1015 3661 1173 3740 potestate
1195 3663 1228 3723 et
1250 3675 1376 3724 suorum

146 3763 281 3830 fratrum
296 3763 338 3830 ad
358 3763 504 3829 solatium
520 3763 635 3854 ibidem
652 3764 857 3829 seruientium
872 3763 1033 3846 utendum,
1050 3761 1283 3847 possidendum,
1306 3781 1377 3845 per-

147 3865 332 3945 fruendum,
371 3866 595 3946 ordinandum,
634 3867 701 3933 sine
732 3867 980 3935 contradictione
1013 3867 1124 3942 ulline.
1163 3867 1219 3932 tibi
1251 3867 1376 3932 domino

146 3969 264 4050 Medio,
278 3963 395 4036 'abbati
416 3971 578 4053 predicto,
602 3971 728 4052 tuisque
751 3972 1002 4054 successoribus,
1026 3972 1079 4052 qui
1102 3976 1176 4053 post
1198 3977 1230 4036 te
1252 3972 1379 4037 uenturi

145 4081 222 4142 sunt
242 4075 414 4142 secundum
435 4077 640 4142 monasticum
662 4076 813 4143 ordinem.
840 4075 946 4141 Unum
969 4083 1074 4142 tamen
1096 4074 1187 4140 nobis
1210 4075 1377 4157 reprehen-

144 4179 235 4246 sibile
257 4197 329 4246 csse
351 4179 486 4263 uidetur,
510 4181 594 4261 quod
616 4179 749 4247 ecclesia
771 4184 860 4246 extra
882 4181 1042 4262 andenam
1066 4181 1233 4246 claustram
1249 4182 1290 4246 sit
1305 4199 1376 4262 pos·

20 4321 24 4330 ·
145 4284 216 4363 sita,
239 4285 325 4364 quod
346 4289 497 4366 precepta
517 4285 618 4350 sancti
633 4281 759 4370 petri(s)
776 4283 939 4350 Benedicti
954 4284 1122 4365 prohibent
1137 4283 1215 4363 lieri,
1239 4284 1377 4365 eoquod

144 4388 250 4456 omnia
271 4387 451 4454 necessarie
472 4387 634 4454 monacbis
664 4390 747 4454 intra
776 4389 1000 4454 monasterium
1023 4389 1160 4455 debeant
1181 4387 1312 4468 haberi,
1343 4396 1377 4453 ut

143 4494 232 4560 nulla
252 4492 425 4559 necessitas
447 4493 489 4558 sit
509 4491 556 4560 eis
577 4493 723 4576 uagandi.
755 4491 894 4574 ideoque
915 4493 999 4558 niam
1020 4491 1187 4576 publicam,
1211 4512 1272 4577 que
1293 4493 1376 4560 inter

144 4598 309 4666 ecclesiam
332 4601 365 4665 et
386 4597 547 4680 numquam
571 4598 738 4664 claustram
762 4597 830 4678 ierit,
855 4598 1001 4664 claudere
1023 4597 1163 4676 fecimus,
1186 4597 1247 4663 alia
1269 4603 1375 4664 antem

145 4703 197 4770 uia
215 4701 357 4789 publica,
392 4720 454 4786 que
476 4701 517 4768 ab
540 4701 661 4771 oriente
683 4703 814 4770 ecclesie
841 4704 946 4785 posita
968 4701 1036 4784 luit,
1060 4702 1206 4769 similiter
1227 4701 1375 4769 claudere
