3604 5276
1376 421 1437 486 323

78 615 93 642 ’
207 626 340 704 delecta
351 645 446 695 manu
461 643 543 694 nunc
561 646 580 694 a
595 629 695 710 tergo,
718 643 801 693 nune
815 647 835 695 a
850 623 950 694 latere
965 627 1123 708 insistens,
1145 625 1311 694 Lindeuiti
1330 627 1436 711 copias

208 739 241 800 ct
264 739 360 800 noctu
382 739 415 800 et
436 733 575 800 interdiu
606 749 802 815 quacumque
831 738 958 816 poterat
986 731 1153 812 laceravit,
1184 751 1287 814 neque
1310 751 1381 800 auur
1405 735 1437 797 in
1560 771 1565 784 ·

209 857 267 904 suu
289 837 450 923 prouincia
471 838 588 921 lnpune
618 838 737 904 versari
759 839 918 922 permisit,
952 837 992 903 ad
1015 845 1190 904 extremum
1212 839 1300 922 gravi
1324 837 1437 904 damno

204 942 362 1010 adiectum
387 943 513 1025 regione
536 962 595 1010 sua
617 941 721 1026 coegit
743 942 906 1025 excedere,
926 942 1026 1008 tribus
1049 940 1208 1008 bominum
1232 943 1371 1008 millibus
1395 941 1436 1008 de

207 1047 348 1115 exercitu
369 1047 456 1112 illius
477 1045 660 1125 interiectis
685 1051 718 1112 et
740 1047 891 1112 trecentis
912 1046 962 1112 vel
977 1064 1015 1112 eo
1030 1046 1165 1129 amplius
1181 1045 1310 1112 caballis
1326 1044 1437 1133 captis,

209 1157 337 1234 praeter
366 1151 505 1218 sarcinas
535 1159 569 1216 et
598 1151 699 1234 spolia
729 1150 846 1217 diversi
876 1150 1000 1233 generis
1023 1150 1164 1232 direpta;
1198 1168 1279 1233 qnae
1302 1149 1441 1232 qualiter

211 1265 305 1339 gesta
328 1254 454 1330 luerint,
479 1275 536 1338 per
557 1256 682 1339 legatos
704 1273 779 1322 suos
803 1257 986 1338 imperatori
1008 1257 1153 1321 nuntiare
1176 1256 1305 1321 curavit.

291 1407 432 1468 Einhardi
456 1408 552 1468 annal.
577 1406 618 1467 ad
640 1425 667 1469 a.
685 1409 758 1470 819.
783 1407 996 1488 Pertu1,205,
1015 1409 1086 1469 206.
1112 1407 1155 1469 cl.
1172 1407 1345 1468 Herimanni
1359 1407 1437 1484 Aug.

248 1494 414 1557 chronicon.
432 1496 532 1556 Portu:
549 1495 627 1556 blan.
644 1493 742 1556 Germ.
759 1493 864 1570 Script
881 1493 916 1576 V,
937 1496 1006 1556 102.

293 1580 375 1642 Idem
390 1581 500 1642 habent
514 1580 645 1642 Euhardi
660 1581 746 1640 Fuld.
763 1580 860 1640 annal.
876 1580 899 1658 1,
917 1581 998 1640 357:
1016 1579 1146 1660 „Contra
1161 1579 1347 1640 Liudevitum
1363 1597 1438 1655 quo·

250 1686 308 1744 que
324 1669 462 1728 Sclavnm
477 1669 507 1727 in
525 1667 677 1728 Pannonia
692 1667 883 1727 rebellantem
900 1669 1045 1727 exercitus
1060 1668 1097 1728 de
1112 1668 1199 1728 ltalia
1213 1667 1328 1746 missus,
1348 1668 1437 1727 rebna

249 1773 354 1832 parum
370 1772 513 1832 prospere
528 1756 629 1832 gestia,
642 1753 760 1826 ¹inlecto
776 1771 851 1829 pene
866 1755 985 1829 negotio
1000 1772 1152 1830 regressus
1168 1747 1244 1815 eet“.
1269 1754 1401 1814 Annales
1415 1771 1439 1816 e.

248 1842 454 1903 Emmerammi
469 1843 583 1918 Ratisp.
607 1842 709 1901 maior.
725 1841 812 1902 Perta
828 1841 852 1918 1,
869 1843 926 1901 93:
953 1841 1100 1918 „Linduit
1122 1843 1282 1902 carmulam
1297 1839 1438 1902 levavit“.

245 1983 251 2014 ¹
272 1968 361 2048 Ilm
386 1984 551 2055 popularet
572 1989 646 2034 alm
667 1983 787 2054 lucrum,
811 1983 938 2039 victoria:
964 1983 1099 2052 Irjudevit.
1123 1983 1262 2040 Miklodid:
1290 1982 1342 2039 Die
1366 1982 1438 2038 Bild.

207 2069 255 2125 der
272 2070 339 2127 alar.
359 2072 567 2129 Personenuam.
586 2089 626 2126 nr.
646 2075 688 2141 39,
706 2075 763 2127 208.
839 2071 848 2102 ¹
867 2071 944 2128 Unde
963 2071 1122 2128 concludere
1139 2072 1212 2140 licet,
1231 2071 1366 2127 biuderiti
1385 2077 1439 2127 ter·

204 2173 262 2214 rana
286 2159 321 2214 ad
344 2159 406 2215 Sari
430 2159 603 2230 Danubilque
627 2165 733 2230 purtem
757 2175 811 2214 nou
835 2159 948 2214 multum
973 2174 990 2214 a
1015 2160 1178 2216 Timocianis
1204 2159 1327 2216 maritam
1346 2158 1438 2226 tuisse,

206 2251 288 2313 atque
307 2245 341 2300 ad
360 2261 419 2302 eam
437 2248 604 2304 sirmiensem
617 2263 725 2317 quoque
739 2245 876 2303 inferioris
888 2247 1045 2303 Pannoniae
1057 2245 1164 2317 plagam
1178 2247 1349 2318 pertinuisse,
1369 2261 1439 2316 quae

205 2331 293 2388 adhuc
316 2333 394 2391 initio
416 2350 487 2390 saec.
512 2335 579 2391 XIII
604 2351 621 2390 a
645 2335 804 2405 Byzantinis
828 2335 909 2390 etiam
930 2315 1222 2406 ,Φράγγῡχωρῑθνη
1246 2317 1356 2404 μεταξὺ
1377 2326 1438 2380 τῶν

206 2413 349 2490 ποταμῶν
364 2402 498 2490 Σαούβου
519 2409 569 2470 καὶ
584 2403 714 2492 Ἰστρου“
730 2422 813 2492 (unce
826 2421 1021 2491 rrum-goa)
1035 2421 1232 2492 appetuntur.
1245 2420 1356 2476 urcem
1369 2419 1437 2475 cno-

204 2507 307 2564 uittae:
325 2508 442 2566 historia
458 2527 486 2580 p·
505 2513 548 2579 25,
570 2513 618 2564 122
637 2509 678 2566 ed.
698 2511 784 2566 Bonu.
874 2509 994 2579 ’Barim
1013 2509 1116 2578 Bonna,
1135 2508 1228 2564 Borut
1255 2506 1384 2564 Millolit
1402 2523 1438 2579 ορ

208 2595 254 2650 cit.
273 2611 313 2650 ur.
335 2600 375 2653 lb.
448 2597 458 2626 ⁴
477 2597 637 2668 rolampium
656 2597 672 2656 i.
691 2613 714 2655 e.
734 2598 856 2668 Colapim
874 2597 987 2668 (Kulpa,
1005 2595 1107 2668 Rapa).
1125 2597 1216 2653 Berua
1228 2612 1288 2652 cum
1301 2612 1349 2654 auo
1362 2611 1438 2651 exer·

203 2683 260 2738 citu
282 2683 509 2754 progrediebatur
526 2686 584 2740 siue
602 2683 684 2740 dubio
708 2685 885 2746 eDulmatla
902 2687 960 2756 vit,
989 2700 1058 2756 quae
1083 2685 1189 2742 Salonis
1212 2691 1240 2740 et
1264 2683 1365 2740 dedara
1388 2698 1439 2755 per

203 2768 324 2825 Burnum
349 2759 486 2843 (Supljttja
503 2772 599 2844 crlrva)
624 2780 652 2828 et
669 2773 788 2830 Hadram
807 2773 923 2830 ducebat
941 2780 1018 2829 tram
1036 2771 1172 2828 Albanum
1190 2779 1308 2828 montem
1327 2771 1438 2844 (dread,

202 2856 319 2929 Kapele)
337 2859 365 2914 in
384 2859 553 2931 colapianam
571 2859 675 2916 vallem.
748 2859 759 2892 ¹
777 2859 962 2931 dramagosua,
981 2859 1155 2931 dragomosua
1171 2861 1190 2915 i.
1209 2875 1231 2916 e.
1247 2844 1437 2930 dacicum

202 2946 281 3014 (aler.
300 2944 470 3017 DragomoIl.
490 2947 530 3003 cf.
549 2948 701 3018 Draqomir,
720 2947 874 3019 Draqobrat
891 2956 941 3003 etc.
960 2947 1088 3004 Milrlotld
1105 2964 1149 3018 qp.
1169 2949 1206 3003 cit
1232 2963 1273 3002 ur.
1296 2951 1353 3006 118.

287 3129 333 3189 De
347 3128 535 3205 expeditione
557 3130 614 3190 bac
636 3103 739 3192 contra
753 3130 944 3191 liudevitum
968 3135 1093 3192 testatur
1110 3147 1228 3208 quoque
1242 3130 1333 3193 hocce
1348 3129 1438 3192 docu-

245 3221 373 3276 mentum
388 3235 416 3276 a.
433 3217 506 3298 819,
523 3220 543 3278 4
558 3217 634 3278 lulli:

248 3353 411 3435 „Traditio
444 3355 644 3440 Mcginherdi
679 3354 759 3422 laici.
799 3353 953 3422 Omnibus
989 3364 1053 3421 tam
1088 3355 1308 3422 ecclesiosbcis
1343 3371 1439 3437 quarn

204 3458 301 3526 etiam
323 3459 528 3538 secularibus,
553 3461 784 3527 venerabilibus
806 3459 881 3527 uiris
897 3462 974 3527 satie
997 3461 1040 3526 sit
1062 3460 1277 3538 dilucidatum,
1300 3461 1439 3541 qualiter

194 3564 391 3650 'Megiubard
413 3566 524 3633 tessus
546 3565 693 3634 dominici
716 3567 748 3630 in
770 3555 1439 3648 manusllittonise’piseopi1promenice¹

203 3670 333 3737 ceruina
356 3689 498 3752 capsam,
523 3691 615 3753 quam
640 3689 659 3736 a
682 3671 776 3738 domo
799 3677 907 3736 sancte
930 3669 1032 3736 Maris
1055 3687 1125 3736 cum
1148 3667 1294 3752 reliquiis
1317 3669 1442 3752 accepit

201 3775 392 3840 wassucrim
403 3775 600 3861 araruiator,³
622 3783 656 3843 et
676 3777 788 3862 ipsam,
810 3793 905 3858 quam
922 3775 1120 3841 iamdudum
1136 3773 1212 3840 fecit
1228 3775 1439 3858 traditionem,

201 3879 315 3946 iterum
337 3881 500 3947 renovavit
522 3899 559 3948 eo
584 3881 693 3948 modo:
726 3881 754 3946 si
776 3881 810 3946 in
833 3881 906 3962 ipso
931 3881 1093 3959 comitatu,
1118 3897 1211 3961 quem
1234 3885 1344 3946 contre
1365 3879 1440 3946 Liu-

201 3983 330 4050 duiuum
352 3983 511 4052 hostiliter
529 3985 710 4069 carpebant,
733 3985 801 4052 dies
817 4003 893 4052 suus
909 4004 982 4051 eum
1006 3988 1269 4068 prosequeretur,
1292 4007 1343 4048 1111
1366 4001 1440 4067 pars

200 4090 240 4157 de
262 4089 410 4157 iumentis
433 4091 593 4178 saluaticis
616 4109 686 4156 cum
708 4115 747 4157 ιιι
768 4091 928 4157 sannone
946 4109 1005 4172 pro
1019 4089 1164 4157 remedio
1188 4093 1221 4156 et
1246 4087 1442 4172 indulgentia

204 4195 307 4264 anime
329 4214 387 4264 sue
409 4199 492 4263 omni
523 4199 760 4280 perseverentia
782 4197 824 4264 ad
846 4197 974 4263 domum
997 4197 1094 4263 beate
1119 4195 1237 4262 Melie*
1259 4201 1441 4272 teneretur3

106 4353 109 4357 .
210 4299 350 4383 alloquin
373 4302 400 4369 si
423 4301 529 4368 saluus
552 4309 585 4368 et
606 4302 769 4369 incolumis
791 4303 876 4369 dorni
899 4302 1095 4384 reuertisset,
1120 4302 1162 4367 ad
1185 4317 1277 4366 suurn
1299 4300 1441 4378 baberet,

213 4423 376 4488 quousque
398 4407 536 4489 degeret,
559 4425 667 4490 usum3
691 4412 765 4490 post
787 4407 906 4473 obitum
922 4426 997 4474 vero
1014 4425 1105 4473 suum
1128 4407 1380 4487 quandocunque
1403 4423 1442 4470 ex

209 4510 269 4576 bac
291 4509 443 4578 deficeret
464 4512 537 4590 vita,
561 4512 668 4577 statim
690 4513 760 4594 ipsa
778 4530 873 4594 capsa
888 4531 958 4578 eum
973 4511 1058 4578 dicta
1073 4511 1245 4577 traditione
1259 4509 1309 4576 vel
1327 4509 1440 4576 ceteris

204 4615 408 4701 addimentie,
433 4614 517 4682 sicut
537 4616 570 4682 in
591 4616 647 4682 illa
668 4622 830 4700 repertum
848 4616 960 4684 fuisset
982 4617 1033 4683 die
1056 4616 1181 4694 vestita,
1205 4616 1246 4682 ad
1266 4618 1439 4680 memorato

212 4721 306 4790 domo
327 4721 510 4790 beatissime
534 4721 584 4790 dei
607 4721 767 4806 genitricis
790 4721 881 4788 firma
901 4740 940 4788 ae
961 4721 1083 4824 stabilis
1106 4722 1345 4860 inperpetuum
1367 4737 1439 4802 per.
