3572 5276
350 433 415 497 lta

437 635 560 712 Auctor,
583 633 706 696 maritus
729 633 843 714 Annae,
867 632 946 694 filiae
961 633 1031 710 imp.
1048 632 1145 694 Alexii
1160 635 1175 693 I
1190 631 1331 694 comneni
1346 629 1592 712 (roal-1118)

393 741 484 785 svasu
499 737 602 784 socrus
616 737 688 782 snae
703 720 899 797 imperatricis
914 719 1001 780 Irene
1016 720 1134 797 scripsit
1148 737 1197 780 res
1212 723 1313 796 gestas
1329 738 1357 780 a.
1377 719 1590 779 1057-1081

394 811 416 872 i.
432 828 459 872 o.
476 827 495 870 a
511 809 635 868 victoria
649 807 745 876 banci
760 807 775 866 Ι
791 806 931 866 Comoeni
949 801 1043 881 usqne
1065 806 1105 867 ad
1127 806 1407 866 dethronisalionem
1430 804 1592 882 Nicephori

396 894 629 958 mactericus.
646 894 715 971 Ipse
731 909 843 971 eornm,
859 909 936 969 quae
952 893 1078 971 scripsit,
1095 911 1152 952 non
1169 892 1278 968 exigna
1296 909 1367 968 pars
1381 897 1456 953 erat.

395 1045 441 1111 Τὸ
462 1047 524 1110 τῶν
540 1042 662 1110 Οὕννων
681 1045 766 1118 ἔθνος
787 1045 888 1109 πολλὰ
903 1043 956 1131 μὲν
1029 1043 1217 1111 Hunnorum
1247 1062 1325 1127 gens
1351 1061 1451 1126 saepe
1473 1043 1590 1110 liema-

350 1153 493 1224 πολλάκις
523 1149 580 1220 τήν
606 1145 760 1235 Ῥωμαίων
786 1138 955 1236 κατέδραμε
984 1167 1096 1216 norum
1120 1147 1199 1214 fines
1222 1147 1410 1232 incusserit,
1440 1151 1473 1214 et
1494 1147 1593 1229 paule

350 1263 417 1342 γῆν,
440 1253 531 1342 ὀλίγῳ
552 1244 585 1318 ti
608 1253 773 1339 ἔμπροσθεν
795 1260 851 1325 τῆς
873 1251 957 1314 Ἀλε-
989 1257 1160 1334 antequam
1172 1252 1348 1334 imperaret
1358 1249 1488 1318 Alexiue
1499 1249 1593 1316 Gom-

352 1357 412 1440 ξίου
434 1367 489 1421 τοῦ
504 1354 659 1443 Κομνηνοῦ
681 1355 826 1438 βασιλείας
843 1351 957 1442 appar
987 1374 1098 1434 denua,
1131 1355 1278 1422 Sirmium
1309 1355 1394 1437 cepit
1422 1353 1593 1437 multisque

350 1483 387 1525 τε
408 1455 467 1524 εἷλε
489 1463 538 1524 καὶ
560 1458 674 1533 πολλᾶς
696 1467 757 1522 τῶν
772 1456 955 1546 Παρεστρίων
985 1459 1230 1526 Transistrianis
1247 1459 1380 1526 urbibus
1402 1458 1593 1541 expugnatis

351 1555 632 1652 ἀνδραποδισάμενος
665 1563 782 1627 πόλεων
811 1560 877 1649 ἄχρι
907 1564 957 1626 καὶ
987 1563 1119 1630 Naisum
1154 1582 1255 1646 usque
1289 1565 1442 1646 pervenit.
1477 1561 1528 1628 Ibi
1561 1561 1594 1626 in

351 1667 398 1732 iul
414 1665 526 1731 Ναῑσόν
540 1659 645 1737 ἦλθεν.
668 1667 744 1730 ectu
760 1675 801 1749 τῇ
815 1675 871 1728 τοῦ
886 1664 956 1752 pcip-
988 1675 1131 1733 sanetum
1152 1667 1239 1734 illius
1254 1667 1403 1751 martyris
1420 1665 1594 1750 (Procopii)

350 1793 434 1858 τορος
469 1761 557 1834 τοῦδε
594 1773 654 1858 ἱερᾷ
691 1769 955 1857 crepereo-usmeta<
986 1770 1161 1838 incidentes
1191 1771 1359 1856 feretrum,
1393 1775 1495 1837 totum
1524 1769 1594 1853 qui·

350 1883 425 1961 σορῷ
447 1873 515 1937 ὅλον
537 1872 590 1961 μιν
612 1874 796 1961 ἀφαιρεῖσθαι
817 1872 855 1936 τὰ
870 1881 957 1960 σῶμα
986 1876 1058 1942 dem
1090 1875 1164 1941 inde
1179 1863 1182 1868 ’
1195 1893 1310 1957 corpus
1343 1873 1470 1942 auferre
1502 1873 1593 1938 inhu-

350 1977 510 2064 κενρίκοιοιν
539 1972 619 2062 οἶμαι
648 1973 867 2062 ἀπάνθρωπον,
900 1975 956 2047 τήν
986 1995 1124 2058 manum,
1147 1983 1185 2044 ut
1203 1979 1351 2057 arbitror,
1375 1977 1607 2067 existimantes,

350 2101 386 2168 γε
408 2077 461 2166 μὲν
483 2089 565 2167 pepe
580 2069 738 2165 διελόμενοι
752 2077 957 2166 ἀπεχώρησαν·
990 2081 1060 2149 sola
1081 2100 1176 2148 manu
1207 2083 1315 2150 ablata
1349 2099 1531 2159 recessere,
1561 2085 1594 2146 et

350 2183 381 2248 ἐν
402 2180 509 2269 Σμρίιρ
531 2171 564 2246 δὲ
585 2183 739 2272 γεγονότες
754 2181 801 2245 ἐπὶ
815 2181 869 2245 τὸν
882 2172 956 2266 τῇδε
988 2181 1135 2250 Sirmium
1166 2185 1288 2252 reversi
1316 2203 1386 2252 eam
1416 2184 1595 2266 deposuere

321 2295 406 2380 ,τοῦ
427 2283 568 2373 μάμιυρος
590 2285 759 2373 Δημητρίου
788 2283 957 2358 κατέθεντο
986 2287 1019 2352 in
1056 2288 1175 2371 templo
1220 2287 1391 2356 Demetrii⁸
1434 2287 1594 2372 martyria,

351 2389 432 2470 κιών,
455 2389 486 2452 ὅν
508 2389 538 2452 ἐν
560 2399 621 2463 τοῖς
643 2387 703 2451 ἄνω
733 2388 843 2477 χρόνοις
865 2391 881 2451 ὁ
903 2389 959 2458 τὴν
989 2392 1074 2472 quod
1103 2391 1228 2474 pridem
1260 2396 1444 2458 eximeret
1464 2392 1509 2468 ie,
1540 2391 1595 2474 qui

351 2501 406 2556 τοῦ
443 2490 598 2580 Ἰλλυρικοῦ
642 2481 749 2559 διέπων
788 2482 957 2579 deprimo
987 2493 1147 2576 Illyricum
1169 2493 1352 2579 praefectus
1375 2493 1519 2578 regebat.

351 2595 454 2684 εον

437 2737 561 2798 Joannis
575 2737 709 2797 dinami
724 2736 910 2798 historiarum
929 2739 980 2800 lib.
997 2740 1033 2818 V,
1050 2757 1076 2801 c.
1093 2742 1122 2818 8,
1140 2757 1170 2815 p.
1187 2740 1260 2801 227.
1277 2737 1324 2800 ed.
1341 2739 1435 2800 Bonn.

438 2822 641 2884 decuteret
669 2819 816 2902 βοισὶλικός
844 2821 1046 2909 γραμματικός
1072 2826 1127 2886 sub
1153 2825 1224 2901 imp.
1253 2825 1415 2885 Emanuele
1443 2825 1594 2886 comneno

397 2906 610 2990 (1143-80),
627 2909 709 2970 cuius
724 2910 812 2970 etiam
827 2909 857 2970 in
873 2911 1109 2988 expeditionibus
1124 2911 1238 2973 bellicis
1253 2928 1352 2972 comos
1367 2909 1430 2973 init.

443 3064 630 3142 Nicephorns
653 3061 801 3140 Bryenius
816 3069 846 3127 et
860 3067 991 3126 loannes
1015 3067 1173 3128 Cinnamus
1195 3065 1273 3128 idem
1295 3070 1412 3142 tompus
1431 3066 1596 3141 eademqne

395 3151 536 3212 adiuncta
557 3149 728 3228 respiciunt.
752 3149 813 3212 Sed
837 3151 906 3212 dum
929 3153 1115 3230 Nicephorns
1137 3170 1196 3212 non
1211 3153 1342 3214 nominat
1357 3155 1486 3230 gentem,
1502 3171 1522 3212 a
1535 3169 1597 3228 qua

395 3237 533 3298 Sirmium
557 3241 587 3298 et
610 3236 689 3298 eirea
712 3235 822 3298 Savum
845 3239 956 3314 oppida
982 3239 1184 3304 vastabantur.
1208 3239 1333 3300 Hunnos
1355 3239 1375 3301 i.
1392 3255 1419 3301 e.
1436 3239 1598 3314 ilungaros

395 3321 486 3384 luisse
501 3323 632 3384 loannes
647 3327 751 3400 aperte
767 3323 846 3386 dicit.

438 3409 485 3472 Do
506 3407 717 3486 hungarorum
740 3409 770 3470 in
793 3413 894 3488 partes
919 3411 986 3472 illas
1013 3411 1179 3472 incursibus
1205 3412 1292 3488 patrii
1316 3411 1477 3489 scriptores
1501 3427 1598 3488 aeque

395 3493 544 3556 referunt:

442 3577 534 3644 Anno
569 3578 609 3644 ab
643 3578 866 3646 incarnacione
901 3579 1018 3646 domini
1046 3603 1174 3646 unxvm
1202 3580 1315 3645 oiuitm
1343 3579 1598 3662 Bulgarorums

399 3681 475 3746 rege
493 3663 663 3750 Salomone
686 3664 828 3747 capitur,
860 3684 1049 3747 rursumque
1072 3667 1112 3733 ab
1135 3666 1236 3732 isdem
1258 3665 1407 3748 Bulgaris
1430 3671 1464 3731 et
1485 3665 1597 3732 Grecis

395 3749 469 3818 dolo
491 3750 709 3834 recipitur...
734 3749 825 3819 Anno
847 3773 963 3818 nnxxn
986 3751 1135 3819 Salomon
1162 3771 1218 3819 rex
1244 3751 1443 3836 Bulgerense
1464 3769 1597 3835 regnum

395 3836 522 3902 inuasit.

442 3925 608 3987 Chronioon
631 3926 811 3988 Poeoniense
834 3945 851 3986 e
876 3925 941 3988 cod.
964 3943 1042 3989 sace.
1067 3925 1141 3987 Xlll
1163 3926 1210 3990 ed.
1235 3926 1266 3988 S.
1282 3927 1317 3988 L.
1333 3926 1512 3988 ltndlioher:
1538 3943 1598 3989 rer.

395 4009 485 4087 hung.
503 4017 691 4073 monumenta
706 4012 881 4089 Arpadiana
898 4014 923 4084 1,
941 4015 992 4073 56.

440 4097 567 4159 Brevem
592 4098 722 4158 chronici
744 4099 877 4160 notitiam
901 4099 1035 4175 pluribus
1057 4099 1214 4160 adornavit
1236 4100 1366 4160 loannes
1386 4099 1423 4160 de
1444 4099 1599 4160 'l'hnrocsr

396 4183 543 4245 Chronica
569 4183 779 4260 Hungarorum
807 4203 831 4246 c.
862 4187 914 4260 50,
942 4202 1012 4262 pag.
1045 4187 1116 4248 189.
1143 4185 1250 4261 Soript.
1273 4203 1333 4247 rer.
1356 4186 1481 4263 hungar.
1508 4185 1536 4247 J.
1561 4184 1599 4246 (i.

395 4269 618 4332 Schwandtner.
635 4271 807 4348 Tyrnaviae
827 4273 921 4331 1765.

444 4425 536 4486 Immo
553 4427 607 4486 sub
622 4442 694 4501 rege
710 4424 831 4485 Andros
845 4426 860 4485 1
875 4425 1011 4486 Sirmium
1032 4426 1070 4485 ab
1087 4425 1238 4500 Hungaris
1258 4425 1335 4486 duce
1356 4425 1491 4502 palatino
1513 4423 1599 4487 Rado

403 4516 579 4588 occupatum
602 4511 642 4572 ad
663 4517 779 4587 tempus
803 4515 890 4588 esset,
914 4512 938 4572 si
962 4510 1094 4572 eiusdem
1120 4512 1242 4588 palatini
1265 4511 1503 4572 donationalibus
1530 4513 1599 4572 anni

404 4599 485 4658 1057
504 4593 641 4678 (Keller:
657 4597 758 4660 histor.
776 4599 906 4674 episcop.
923 4597 1109 4674 quinqueool.
1126 4599 1150 4677 Ι,
1170 4601 1241 4662 147.
1266 4598 1373 4676 Fejer:
1395 4597 1460 4659 cod.
1475 4598 1597 4674 diplom.

401 4681 492 4762 hung.
509 4685 534 4766 1,
551 4686 624 4746 394.
642 4683 714 4752 (iod.
730 4683 800 4763 dipl.
818 4683 900 4746 CSD.
917 4685 941 4764 1,
961 4681 1036 4765 116)
1052 4681 1125 4746 lidos
1141 4684 1339 4748 adhiberetur.
1356 4685 1402 4746 lbi
1417 4684 1527 4763 quippe
1544 4683 1595 4745 do-
