3604 5276
341 267 406 336 344

339 481 394 536 τοῦ
402 480 500 559 καιροῦ
507 472 556 535 καὶ
563 461 853 559 οἱᾶπύΚοιρχηέόνος
860 469 951 559 Ἀγα·
977 471 1123 554 turbatis,
1147 477 1277 556 arrepta
1296 470 1437 556 Agereni
1452 469 1586 539 Carthe-

337 576 438 662 ρηενοί,
452 577 502 638 καὶ
516 573 661 662 ἄρχοντας
672 575 884 650 ἐπιστήσαντες
894 575 948 638 τόν
977 577 1127 658 ginenses
1140 577 1304 643 occasione
1320 576 1495 642 coniunctis
1511 577 1585 642 viri-

338 701 374 743 τε
404 669 553 742 Σολδάνον
582 681 632 742 καὶ
662 677 782 766 Σάμβον
812 681 862 742 καὶ
891 679 943 741 τὸν
973 680 1034 746 bus
1042 679 1275 761 expeditionem
1289 679 1584 761 suscipiunt;crea·

339 780 507 869 Κοιλρούς,ι
531 780 577 855 ούς
594 783 624 844 ἐν
637 782 728 864 κακίᾳ
741 783 791 845 καὶ
805 785 950 870 πολεμικῇ
979 782 1085 865 iisque
1101 782 1235 848 ducibus
1250 781 1399 863 Soldanc,
1417 781 1586 862 Sambanc,

338 885 469 973 ἐμπειρίᾳ
498 884 580 949 κατὰ
610 885 687 948 πολὺ
716 873 855 972 διαφέρειν
884 893 945 947 τῶν
975 892 1011 952 et
1032 884 1241 967 Chslphusc,¹
1271 886 1324 967 qui
1354 885 1449 968 lenge
1470 884 1584 952 militia

339 987 494 1077 ὁμοφύλων
507 988 665 1071 ἐπίστενον,
682 987 775 1072 ἑξκαὶ
790 985 949 1074 τριάκοντα
978 988 1177 1070 bellicaeque
1199 989 1246 1054 rei
1268 987 1465 1072 experientia
1485 988 1587 1078 tribu·

339 1091 449 1155 πλοίων
479 1094 645 1178 πολεμικῶν
667 1089 750 1154 κατὰ
771 1091 947 1177 Δαλματίας
976 1091 1060 1158 libus
1081 1091 1212 1173 reliquis
1236 1096 1402 1173 praestare
1425 1092 1586 1158 existima-

340 1197 447 1260 στόλον
469 1193 663 1277 ἀπέστειλαν,
698 1194 744 1282 ὑφ’
766 1188 800 1258 ού
822 1186 949 1282 διάφοροι
980 1197 1107 1274 bantur,
1131 1213 1187 1261 sex
1210 1213 1307 1278 supra
1332 1195 1466 1277 triginta
1487 1213 1586 1262 naves

339 1299 438 1372 πόλεις
468 1299 603 1361 ἑάλωσαν
626 1297 817 1386 Δαλματων,
848 1293 948 1370 οἷονῆ
978 1299 1011 1364 in
1040 1298 1233 1365 Dalmatiam
1263 1295 1433 1378 miserunt,
1470 1299 1587 1381 quibus

340 1425 376 1466 τε
387 1399 545 1488 sesequi
559 1403 610 1464 καὶ
619 1399 733 1464 'Peras
748 1403 798 1464 καὶ
809 1400 851 1465 τοὶ
862 1399 948 1464 κάτω
978 1401 1201 1468 Dalmatarum
1223 1401 1331 1484 plures
1353 1401 1450 1467 nrbes
1473 1407 1587 1482 captae

342 1505 526 1591 Δεκατορα.*
557 1503 784 1591 προχωρούντων
812 1494 845 1568 δὲ
866 1504 949 1568 κατὰ
980 1509 1063 1588 sunt,
1095 1503 1249 1571 Butcma²
1271 1503 1375 1571 Rosci
1397 1510 1432 1571 et
1453 1504 1587 1570 inferius

342 1618 406 1672 νοῦν
427 1617 488 1671 τῶν
510 1606 695 1697 πραγμάτων
717 1609 949 1696 correctamque,
980 1609 1202 1675 Deccternm.‘
1240 1607 1292 1674 Sic
1329 1627 1401 1676 cum
1439 1607 1587 1675 secundis

340 1705 438 1782 ἦλθον
460 1713 511 1774 καὶ
533 1711 581 1775 ἐπὶ
603 1711 659 1782 τὴν
677 1720 732 1775 τοῦ
753 1711 824 1774 ὅλου
846 1713 950 1785 ἔθνους
980 1713 1065 1779 auris
1099 1730 1151 1780 res
1188 1711 1334 1778 hostibus
1369 1712 1587 1797 succederent,

341 1815 540 1903 μητρόπολιν,
572 1814 593 1885 ἥ
622 1812 788 1880 'Pserimos'
816 1813 949 1902 λέγεται,
980 1816 1021 1882 ad
1051 1816 1153 1897 ipsein
1183 1821 1340 1881 venerunt
1362 1816 1460 1882 totius
1483 1815 1588 1898 gentis

341 1921 392 1982 καὶ
421 1916 536 1989 ταύτην
566 1918 614 1980 ἐπὶ
644 1915 744 2006 χρόνον
767 1917 951 2004 ἐπολιόρκουν
980 1918 1192 2001 metropolim,
1216 1937 1311 2000 quam
1328 1918 1518 2002 Ragusinm⁵
1532 1935 1588 1986 vc·

342 2020 450 2084 ἱκανόν.
463 2023 537 2085 ἑλεῖν
549 2011 753 2108 ἐὲὲξὲτοίμου
768 2024 822 2084 οὐκ
833 2023 953 2086 ἔσθενον
983 2027 1065 2102 cent,
1089 2038 1224 2102 eamque
1246 2020 1287 2087 ad
1310 2022 1439 2105 longum
1461 2027 1589 2106 tempus

228 2177 236 2192 .
342 2113 390 2188 διὰ
413 2123 450 2187 τὰ
472 2121 610 2211 ἐκθύμως
632 2124 701 2198 τοὺς
727 2113 846 2189 ἔνδοθεν
869 2125 950 2210 ἀγω-
980 2124 1266 2204 circumsederunt3
1299 2124 1516 2200 haudtamen
1538 2123 1589 2192 fa·

340 2226 472 2311 νίζτσθαι
491 2229 530 2300 ὡς
552 2225 622 2314 ὑπὲρ
637 2223 741 2314 ψυχῆς,
764 2227 802 2290 τὸ
824 2226 948 2314 λσγόμο
964 2229 1038 2294 vcile
1062 2245 1242 2311 expugnare
1264 2232 1445 2309 potuerunt,
1469 2226 1508 2293 iis
1532 2227 1589 2309 qui

341 2353 398 2405 νον,
422 2328 559 2404 θέοντας.
978 2331 1064 2397 intra
1084 2331 1211 2397 moenia
1232 2337 1324 2398 erant
1339 2350 1455 2413 magno
1479 2331 1585 2398 animo

385 2430 440 2505 Ὠς
455 2425 504 2496 οὖν
519 2434 567 2497 ἐπὶ
588 2431 689 2520 χρόνον
712 2435 738 2496 οἱ
760 2433 791 2496 ὲν
809 2431 950 2515 Ῥοιοοσίῳ
980 2434 1246 2514 concertantibus,
1264 2435 1381 2517 quippe
1397 2434 1513 2515 quibus
1528 2451 1588 2517 pro

342 2535 562 2622 ἐταλαιπώρουν
584 2537 636 2600 καὶ
658 2541 696 2610 τις
718 2533 849 2624 ἐσχάτας
864 2558 950 2606 συνη-
981 2536 1095 2622 anima,
1111 2538 1257 2617 cicinni,
1275 2554 1386 2603 cursus
1399 2538 1588 2621 agitaretur.

341 2636 484 2702 λαύνοντο
507 2639 635 2725 ἀπορίας,
658 2637 805 2725 πέμπουσι
820 2637 949 2726 πρέσβεις
1021 2640 1105 2706 Dum
1128 2640 1236 2722 iisque
1259 2641 1413 2723 Regusini
1433 2659 1491 2722 pro
1506 2646 1590 2707 teni·

342 2746 382 2816 ὡς
404 2739 528 2824 βασιλέα
549 2741 606 2804 ὑπὸ
628 2751 683 2814 τῆς
705 2743 836 2828 ἀνάγκης
850 2765 950 2806 στενο-
980 2743 1067 2826 poris
1090 2743 1300 2810 diuturnitate
1329 2743 1421 2809 mulis
1450 2741 1586 2810 confice-

255 2892 271 2925 ,
342 2842 527 2933 χωρούμενοι,
549 2843 646 2909 καίτοι
661 2834 765 2932 οχτδόν
787 2848 841 2907 οὐκ
863 2846 951 2932 ἀγνο-
980 2853 1091 2914 rentur
1120 2851 1217 2928 atque
1246 2846 1289 2912 ad
1318 2846 1432 2913 incitas
1466 2847 1590 2914 redacti

343 2957 442 3021 σοντες
464 2951 502 3022 ὡς
525 2953 561 3022 τις
577 2945 659 3010 ἄλλα
674 2948 789 3036 μᾶλλον
804 2951 820 3010 c
834 2957 950 3035 κρατῶν
982 2954 1105 3029 essent,
1139 2949 1261 3030 legatos
1292 2950 1334 3016 ad
1363 2951 1590 3032 imperatorem

344 3050 567 3138 ἀπησχόληται,
583 3051 702 3121 ἐλεῆσαι
711 3051 951 3138 παρακαλοῦντος
980 3053 1131 3134 mittunt,
1184 3052 1384 3118 necessitatis
1435 3051 1591 3135 angustiis

343 3157 393 3218 καὶ
416 3155 562 3240 ἐπαμῦναι
586 3164 645 3227 τοῖς
667 3153 733 3217 όσον
751 3153 834 3216 ούπω
848 3143 951 3218 auriu-
981 3156 1099 3238 pressi;
1122 3173 1311 3238 quemquem
1327 3173 1390 3222 non
1405 3155 1592 3222 nesciebant

344 3255 468 3320 νεύουσιν
490 3257 658 3344 ὑποχειρίοις
673 3256 812 3345 γενέσθαι
827 3267 887 3320 τῶν
902 3260 952 3345 ἀρ-
983 3259 1052 3340 aliis
1081 3259 1187 3342 potins
1219 3259 1315 3324 rebus
1338 3278 1410 3325 eum
1433 3259 1590 3338 distineri,

344 3369 440 3430 νητῶν
470 3369 524 3423 τοῦ
556 3357 691 3446 Χριστοῦ.
726 3360 809 3423 ούπω
838 3351 871 3424 δὲ
893 3369 953 3423 τῶν
984 3361 1169 3444 suppliciter
1202 3367 1352 3444 rogantes
1382 3367 1419 3427 nt
1447 3361 1590 3443 ipsorum

344 3461 490 3550 spiriteum
520 3462 757 3544 καταλαβόντων
787 3462 843 3532 τήν
871 3464 952 3546 βασι·
981 3465 1131 3530 misertus
1147 3463 1192 3530 cis
1207 3464 1323 3529 vindex
1342 3463 1436 3548 ieret,
1459 3482 1497 3530 sc
1519 3469 1591 3530 tuc-

345 3563 501 3640 λούουσαν,
530 3565 598 3628 ἀλλ’
626 3570 671 3628 ἐτι
691 3563 952 3654 χρονοτριβούντων
982 3573 1071 3633 retur
1104 3567 1158 3650 qui
1191 3566 1315 3633 iamiam
1349 3567 1382 3632 in
1415 3565 1592 3634 infidelium

344 3669 407 3756 περὶ
429 3665 486 3738 τλν
508 3658 628 3744 ἄνοδον,
664 3669 696 3752 ἐξ
715 3668 879 3755 ἀνθρώπων
901 3667 954 3755 μὲν
987 3668 1210 3751 Christumque
1240 3671 1425 3753 negantium
1445 3676 1592 3754 potestn-

344 3772 482 3860 οραῦλος
501 3771 612 3860 γίνεται
631 3770 773 3854 βασιλεύς,
790 3771 838 3835 ἐπὶ
854 3761 887 3836 δὲ
901 3773 954 3835 τὸν
985 3777 1051 3838 tem
1085 3778 1195 3844 essent
1227 3774 1404 3857 redigendi.
1442 3773 1591 3840 Nondum

345 3875 526 3966 ἐγρηγορότα
548 3877 598 3939 καὶ
619 3874 751 3963 νήφοντα
773 3883 834 3938 τῶν
853 3884 954 3939 κοινῶν
984 3877 1081 3960 iegati
1103 3877 1136 3942 in
1157 3877 1269 3944 urbem
1292 3883 1454 3957 venerant,
1478 3878 1535 3945 sed
1558 3879 1592 3942 in

344 3979 515 4068 φροντιστὴν
537 3977 688 4043 Βαοιλτιον
717 3978 759 4042 τοὶ
783 3987 842 4051 ’τῆς
864 3981 954 4043 αὐτο·
984 3979 1097 4048 itincre
1120 3979 1224 4046 adhue
1251 3980 1486 4059 subsistebant,
1519 3999 1592 4046 curn

343 4081 480 4171 κράτορος
502 4081 627 4167 ἐξουσίας
653 4080 837 4168 περιίσταται
859 4081 954 4169 πράγ-
984 4081 1128 4164 ignavus
1151 4083 1319 4164 malusque
1352 4084 1527 4166 imperator
1558 4082 1592 4146 in
1634 4143 1637 4149 .

347 4189 442 4274 ματα·
465 4184 496 4259 ὃς
517 4186 568 4248 καὶ
589 4183 644 4272 προ
672 4183 782 4248 τούτου
804 4185 870 4248 λίαν
892 4187 955 4272 περὶ
985 4186 1132 4252 humanis
1164 4204 1235 4252 esse
1270 4185 1380 4268 desiit,
1419 4203 1591 4267 rerumque

345 4296 406 4351 τῶν
428 4286 571 4350 τοιούτων
593 4277 740 4374 δυσφορῶν
769 4291 820 4352 καὶ
849 4279 953 4352 διαπο-
983 4307 1105 4356 sumina
1143 4289 1184 4355 ad
1222 4289 1349 4371 vigilem
1386 4289 1591 4370 sobriumque

345 4387 489 4475 νούμινος,
512 4393 562 4454 καὶ
583 4389 657 4454 τότε
680 4380 713 4452 δὲ
731 4399 792 4454 των
806 4389 952 4478 πρέσβεων
983 4400 1162 4459 curatorem
1190 4391 1342 4458 Basiliam
1364 4391 1513 4474 persius
1536 4411 1592 4457 ex·

345 4493 491 4582 ἐπιμελῶς
512 4491 729 4580 οἰκροιισάμσνος
747 4495 797 4558 καὶ
811 4497 850 4568 ὡς
864 4498 955 4558 οἰκεῖοι
985 4513 1109 4563 cessum
1118 4496 1282 4582 transivit3
1295 4495 1349 4578 qui
1358 4501 1454 4563 autea
1464 4511 1592 4578 quoque
