3494 5410
1390 417 1450 480 175

301 613 484 691 conscriptio
507 615 581 676 baec
603 615 738 677 confecta
753 617 808 676 luit
826 617 966 678 adfinem
983 621 1092 680 saecrrli
1108 621 1150 680 Xl
1166 639 1223 680 non
1247 625 1368 684 multum
1390 629 1460 700 post

257 700 396 760 abbatem
412 701 551 781 bladium,
568 703 617 778 qni
635 705 752 764 ultimus
769 705 797 762 in
813 703 918 764 eadam
934 713 1186 767 commemoratur.

776 995 907 1068 1321.

214 1097 237 1160 l.
253 1098 312 1158 rra.
326 1097 421 1158 1111111.

215 1225 356 1310 Drnyue,
374 1227 470 1310 prior
492 1223 647 1308 Juderuc,
672 1229 807 1292 concedit
840 1232 1026 1294 rnorrasterio
1049 1251 1074 1296 a.
1103 1231 1298 1315 Chrysoponi
1320 1231 1461 1298 Jaderae

213 1331 356 1404 1111111,
378 1349 457 1415 qnae
479 1331 652 1414 antiquitus
671 1333 796 1414 priores
819 1334 953 1397 ciusdem
969 1336 1104 1399 ciuitatis
1120 1337 1154 1398 in
1169 1343 1271 1400 castro
1287 1335 1461 1401 Lubricotc

631 1491 634 1504 ,
756 1435 916 1502 ludebant.

258 1554 361 1634 Anno,
385 1573 423 1620 ex
447 1572 510 1635 quo
534 1555 715 1638 redemptor
736 1557 866 1622 humani
887 1559 1015 1641 generis
1036 1559 1183 1626 dominus
1199 1559 1294 1626 Jcsus
1311 1561 1457 1628 Christus

213 1679 338 1726 sacram
367 1678 494 1726 caruem
524 1679 563 1724 ex
590 1661 780 1726 intemerata
810 1661 932 1744 uirgine
965 1661 1068 1726 Maria
1098 1665 1228 1746 recepit,
1261 1665 1456 1748 mill(esimo)

213 1789 300 1831 xovr.
325 1763 518 1842 habebatur,
548 1764 722 1830 indiccione
749 1787 816 1846 mr,
848 1771 962 1846 epacta
991 1789 1091 1846 xxm,
1121 1774 1269 1834 currente
1300 1769 1459 1835 111111-

213 1879 347 1951 perante
379 1867 489 1932 Alexio
520 1886 634 1950 magno
660 1867 868 1952 inperatore,
901 1870 986 1950 apud
1017 1889 1075 1936 nos
1105 1869 1225 1936 indere
1255 1874 1460 1955 episcopante

216 1973 364 2038 Andreas
387 1972 505 2054 presul.
531 1971 613 2050 Quia
636 1971 738 2053 magis
749 1971 828 2037 illud
850 1972 1039 2039 mortalibus
1063 1975 1216 2056 prodesse
1239 1977 1457 2059 conspicimus,

214 2079 271 2164 qui
294 2075 542 2142 inutilitatibus
565 2093 729 2142 seruorum
753 2076 804 2142 dci
815 2127 824 2160 ,
850 2083 945 2158 prout
967 2078 1134 2160 competit,
1159 2079 1278 2161 aliquid
1294 2081 1459 2147 elaborare

214 2187 384 2264 procurat,
409 2197 503 2260 quam
527 2180 636 2261 quiin
662 2178 831 2244 mundanis
862 2181 958 2248 rebus
988 2181 1143 2248 inutiliter
1172 2183 1321 2250 insudare
1351 2185 1458 2268 aliquo

215 2284 313 2352 modo
336 2283 470 2367 insistit,
499 2284 588 2349 uerbi
611 2283 727 2367 gracia,
751 2283 826 2364 quia
848 2284 985 2351 mundus
1007 2286 1124 2350 transit
1145 2292 1179 2351 et
1201 2289 1459 2370 concupiscencia

217 2389 299 2454 eius.
322 2387 366 2454 Et
386 2386 503 2452 idcirco
526 2405 586 2468 ego
609 2386 751 2466 Dragns,
782 2385 966 2452 lederensis
989 2387 1086 2472 prior,
1114 2407 1213 2470 nepos
1235 2389 1357 2455 scilicet
1378 2392 1458 2457 Dra·

216 2491 293 2574 goni
316 2493 422 2573 magni
444 2490 568 2572 prioris,
592 2491 653 2554 iarn
679 2509 783 2570 senex,
807 2491 839 2556 in
863 2491 972 2571 quinto
997 2510 1078 2559 anno
1103 2493 1191 2557 tercii
1215 2495 1275 2559 mei
1298 2495 1457 2576 prioratus

217 2602 295 2680 post
309 2595 445 2678 plurima
458 2594 602 2677 pericula
616 2599 650 2660 11
664 2611 794 2677 agones,
819 2611 880 2676 qno
896 2595 936 2659 ab
953 2594 1064 2661 incolis
1079 2597 1196 2661 nostris
1213 2604 1247 2661 11
1262 2597 1461 2664 diuersarum

216 2698 364 2784 gencium
386 2695 514 2763 feritate
537 2700 715 2778 quassatus,
739 2696 796 2763 sed
819 2697 991 2763 adiuuante
1007 2715 1058 2762 rue
1072 2696 1162 2778 larua
1177 2698 1228 2764 dei
1244 2701 1462 2767 misericordia

217 2802 348 2868 adiutus
370 2801 508 2867 emulaui
530 2801 563 2864 in
586 2800 678 2867 bonis
694 2801 922 2866 anticessorum
937 2818 1079 2866 meorum
1095 2810 1195 2879 actus,
1218 2803 1260 2868 ob
1274 2802 1377 2869 salute
1393 2806 1460 2870 ani·

217 2925 341 2972 marum
364 2912 558 2988 nostrarum,
588 2903 812 2987 preteritorum
828 2903 975 2970 uidelicet
989 2905 1206 2970 insistentium
1222 2911 1256 2970 at
1270 2905 1460 2990 futurorum,

217 3011 405 3078 consiliatus
421 3009 566 3076 omnibus
583 3008 743 3075 nobilibus
758 3009 885 3088 nostris,
909 3005 1073 3090 flagitante
1088 3009 1202 3075 domno
1221 3008 1328 3076 Medio
1344 3012 1461 3079 abbate

218 3115 345 3196 cenobii
368 3113 470 3181 saneti
493 3112 680 3198 chrisogoni
712 3112 849 3178 martiris
876 3129 947 3178 cum
976 3111 1188 3180 confratribus
1211 3115 1289 3192 suis,
1321 3117 1462 3183 concessi

220 3221 271 3286 eis
293 3219 398 3285 omnia
419 3216 476 3282 illa
498 3217 640 3298 servicia,
664 3234 726 3298 qua
750 3217 924 3297 antiquitus
947 3215 1068 3298 priores
1091 3217 1193 3284 nostri
1216 3218 1248 3282 in
1272 3225 1375 3286 castro
1399 3221 1462 3284 Lu-

218 3321 360 3390 bricata²
382 3322 531 3388 babuisse
553 3319 757 3385 manifestum
780 3328 839 3398 est,
863 3319 896 3385 id
919 3326 970 3385 est
993 3319 1049 3397 sal,
1074 3338 1167 3401 quem
1183 3321 1285 3402 incole
1302 3324 1386 3389 illius
1402 3323 1462 3390 loci

217 3445 280 3511 per
291 3443 513 3508 unoquemque
535 3426 661 3490 domurn
677 3443 793 3490 nouem
810 3425 915 3490 modia
927 3424 1114 3508 colligentes
1127 3426 1212 3491 omni
1228 3444 1320 3506 anno,
1339 3437 1372 3492 et
1383 3428 1463 3494 duas

218 3531 416 3615 piscacioues
440 3528 664 3595 descruiobaut
686 3529 808 3610 absquo
830 3529 894 3608 illa,
919 3545 981 3609 que
998 3533 1106 3595 nostro
1123 3529 1283 3612 episcopio
1296 3529 1462 3597 debentur.

217 3635 313 3701 Hanc
327 3633 454 3716 quidem
469 3631 652 3699 donacionis
675 3631 823 3714 paginam
849 3631 933 3698 lecta
949 3637 1040 3724 esta
1062 3633 1177 3698 domno
1201 3631 1285 3700 Maio
1308 3634 1463 3701 archidia-

219 3756 301 3807 cono
325 3743 399 3820 post
421 3736 621 3819 euangelium
643 3737 675 3801 in
699 3735 750 3802 die
772 3735 911 3801 natalicii
940 3736 1082 3803 eiusdem
1107 3737 1245 3804 martiris
1269 3736 1311 3802 ad
1332 3739 1462 3804 missam

217 3844 253 3910 in
278 3842 443 3925 presencia
464 3841 638 3922 supradicti
668 3838 824 3922 pontificis
846 3846 880 3905 et
902 3840 970 3905 eius
994 3840 1105 3918 clerus,
1129 3858 1226 3922 quant
1242 3841 1407 3908 audientes
1421 3843 1463 3908 ab

218 3947 308 4016 omni
330 3944 449 4029 populo
472 3944 680 4011 acclamatum
703 3951 768 4010 est:
793 3941 859 4021 fiat,
884 3941 948 4021 fiat,
973 3941 1038 4009 fiat.
1062 3943 1107 4008 Et
1128 3951 1202 4025 post
1223 3943 1307 4010 tacto
1333 3945 1462 4012 silencio

219 4069 283 4136 ego
306 4049 410 4116 dictus
432 4049 519 4130 prior
542 4067 605 4114 una
628 4065 699 4114 curn
722 4047 908 4129 proceribus
931 4053 1042 4126 nostre
1074 4047 1161 4113 urbis
1183 4052 1258 4129 post
1279 4047 1371 4128 signa
1394 4067 1463 4114 eor·

219 4154 437 4222 roboracionis
460 4152 639 4218 addidimus
661 4151 738 4232 hec:
762 4153 788 4216 si
805 4152 874 4231 quis
891 4157 1072 4215 nostrorum
1094 4150 1156 4215 hoc
1171 4157 1275 4215 actum
1292 4158 1365 4232 post
1380 4172 1467 4217 rum-

218 4279 298 4344 pere
314 4256 529 4339 tomptauerit
553 4253 697 4321 deificam
713 4262 747 4319 et
761 4255 855 4319 huius
871 4256 973 4320 sancti
988 4253 1127 4319 martiris
1143 4258 1176 4318 et
1191 4259 1334 4319 nostram
1349 4255 1469 4323 habeat

217 4361 485 4432 maledictionem.
516 4359 636 4426 lterum
658 4359 846 4424 multociens
868 4358 988 4424 dictum
1011 4364 1077 4423 est:
1101 4356 1168 4437 liat,
1191 4355 1257 4423 fiat.

265 4471 285 4553 †
298 4467 428 4550 Signum
445 4481 556 4530 manns
571 4461 670 4544 Dragi
684 4463 806 4544 prioris,
823 4466 858 4526 11
868 4463 935 4528 eius
947 4459 1013 4525 filii.
1027 4462 1047 4543 †
1060 4459 1192 4544 Signum
1205 4479 1316 4526 manus
1330 4460 1465 4528 Candidi

218 4581 254 4642 11
277 4571 412 4639 filiorum
436 4569 512 4634 eius.
536 4569 556 4651 †
579 4566 710 4648 Signum
726 4583 838 4631 manus
860 4565 1116 4647 Vitnze,.nuper
1139 4564 1253 4645 prioris
1274 4569 1308 4630 et
1329 4564 1462 4630 fratrum

223 4679 304 4746 eius.
328 4675 349 4758 †
371 4673 512 4756 Designe
534 4669 648 4737 iudicis
679 4675 712 4736 et
733 4669 842 4736 fratris
869 4669 947 4734 eius.
978 4669 998 4751 †
1022 4665 1159 4748 Slauaue
1195 4670 1410 4735 commercarii
1432 4676 1467 4736 11
