3572 5276
308 383 369 446 372

303 583 494 672 λωπζόριενοι
519 587 569 648 καὶ
597 585 800 674 ἀφανιζόμενα
821 586 913 651 aaut·
943 589 1237 675 exterminarentur,
1260 592 1380 658 insulas
1395 593 1548 660 'deserue-

301 691 387 752 λιπον
415 687 470 762 τὰς
500 688 641 763 τοιαύτας
670 691 782 767 νήσους,
805 692 911 774 βουλό·
941 699 1025 768 runt,
1041 693 1373 762 continentemcolere
1388 697 1548 774 volantes;

301 814 381 878 pavea
414 796 452 864 εἰς
484 791 540 862 τήν
573 791 688 880 ἤπειρον
722 795 908 882 ἐργάζεσθαί.
940 816 1048 863 verum
1066 816 1086 862 a
1101 797 1271 864 Obrobatis
1285 799 1542 881 prohibebantur,

301 895 467 958 ἐκωλύοντο
489 886 523 958 δὲ
544 896 624 983 παραὶ
647 906 708 960 τῶν
724 895 907 983 Χρωβάτων
941 917 1012 966 cum
1036 902 1174 967 nondum
1204 901 1266 966 illis
1289 903 1547 985 111111111111111·

301 998 384 1062 οὕτω
394 997 451 1087 γοὶρ
463 998 582 1063 ἐτέλουν
594 1004 692 1074 αὐτοῖς
704 999 812 1088 φόρους,
829 1002 910 1065 ἀλλὰ
942 1009 1028 1087 rent;
1053 1022 1126 1070 nam
1148 1024 1187 1072 ea
1208 1022 1290 1086 quae
1313 1005 1409 1072 hodie
1425 1005 1546 1072 Solaria

300 1100 402 1166 πάντα
431 1103 505 1190 ἅπερ
535 1103 640 1190 ἀρτίοις
667 1102 828 1192 παρέχουσι
849 1116 909 1179 τοῖς
940 1107 1093 1193 pendunt,
1106 1108 1545 1190 tuncpraetoriexhibebant.

298 1202 455 1290 Σκλάβοις,
477 1213 523 1288 τῷ
545 1215 705 1293 στρατηγῷ
725 1217 827 1271 ταῦτα
849 1231 909 1272 ποι-
940 1208 1006 1276 Sed
1029 1228 1099 1276 cum
1122 1212 1219 1277 vitam
1235 1211 1374 1279 tolerare
1389 1231 1452 1279 non
1474 1231 1548 1295 pos-

298 1319 401 1396 ρεῖχον.
420 1300 576 1384 abducre<
590 1300 623 1374 δὲ
638 1299 757 1397 ἔχοντες
783 1320 838 1375 τοῦ
856 1311 909 1396 ζῆν
941 1319 1021 1395 sent,
1055 1313 1095 1380 ad
1117 1312 1270 1381 Basiliam
1294 1315 1382 1381 illum
1404 1317 1548 1398 praecla-

302 1415 472 1500 προσῆλθον
495 1411 639 1496 Βασιλιίῳ
658 1423 703 1498 τῷ
718 1406 840 1503 &adipe
856 1416 911 1499 βοι-
942 1436 1013 1483 rum
1058 1417 1282 1500 imperatorem
1334 1425 1547 1504 accesserunt,
1659 1451 1664 1454 ·

279 1520 390 1600 Ισιλτῖ,
436 1507 661 1604 dediticiorum
700 1519 741 1582 τὰ
778 1519 911 1606 εἰρημένα
941 1539 1077 1604 eumque
1100 1541 1151 1590 res
1173 1541 1193 1588 a
1215 1522 1306 1591 nobis
1321 1541 1546 1592 commemora·

303 1619 414 1702 πάντα,
438 1624 454 1684 d
477 1613 525 1685 οὖν
547 1609 674 1709 ἀοίδιμος
701 1622 805 1696 daune<
827 1623 909 1704 βασι·
940 1631 990 1690 tas
1014 1625 1218 1690 edocuerunt
1249 1625 1281 1692 Ia
1311 1627 1420 1708 itaque
1447 1629 1548 1710 impe·

302 1721 527 1799 λεὺςΒασίλειος
541 1721 740 1812 προετρέψατο
755 1724 857 1788 πάντα
872 1725 913 1789 τοὶ
943 1732 1030 1793 rator
1059 1733 1170 1795 auctor
1199 1727 1275 1809 fuit,
1307 1734 1345 1795 111
1373 1749 1412 1797 ea
1441 1733 1548 1798 omnia

302 1818 492 1914 διδόμενατῷ
503 1829 680 1915 στροιτνννρῷ1
693 1818 830 1893 δίδοσθαι
841 1829 908 1916 παρ’
938 1849 1021 1912 quae
1040 1832 1196 1913 praetori¹
1220 1833 1397 1916 solvebant,
1422 1834 1544 1901 Sclavis

302 1933 401 1994 αὐτῶν
430 1943 491 2006 τοῖς
520 1928 666 2014 Σκλάβοις
695 1934 746 1994 καὶ
767 1937 909 2018 εἰρηνικῶς
939 1934 1054 2001 darent
1084 1937 1170 2017 pacis
1201 1955 1313 2016 causa,
1345 1944 1378 2004 et
1406 1939 1546 2020 praetori

302 2033 355 2120 ζῆν
376 2034 442 2122 μετ’
463 2037 582 2110 αὐτῶν,
615 2036 665 2098 καὶ
679 2034 774 2122 βραχύ
788 2058 818 2099 τι
834 2025 911 2099 aba
942 2037 1089 2120 exiguum
1123 2038 1244 2122 aliquid
1276 2040 1469 2122 penderent,
1504 2040 1545 2106 ad

302 2138 375 2201 σθαι
386 2147 432 2201 τῶ
449 2147 619 2225 στρατηγῷ,
634 2137 682 2201 ἵνα
697 2137 784 2226 μόνον
799 2128 910 2202 δείκνυ·
939 2140 1162 2207 ostentandam
1206 2142 1358 2208 duntaxat
1395 2143 1544 2208 Romanis

301 2263 354 2305 ται
382 2240 492 2329 ἡπρός
514 2242 583 2315 τοὺς
605 2243 730 2326 βασιλεῖς
750 2235 815 2306 τῶν
833 2241 908 2306 Ῥω·
938 2245 1184 2326 imperatoribus
1220 2248 1254 2311 et
1283 2245 1423 2326 ipsorum
1453 2263 1544 2328 prae-

302 2346 395 2431 μαίων
422 2347 473 2409 καὶ
500 2345 569 2432 πρὸς
590 2345 643 2409 τὸν
665 2346 833 2434 στρατηγὸν
854 2349 908 2408 αὐ-
938 2348 1000 2413 1ο1ἰ
1023 2348 1163 2414 debitam
1178 2347 1406 2415 subiectionem
1421 2366 1459 2414 ac
1475 2367 1543 2415 ser·

301 2457 363 2511 πῶν
384 2448 523 2538 trecop-d
545 2450 595 2512 καὶ
617 2439 765 2522 δούλωσις.
789 2451 839 2512 ιιοιὶ
858 2454 907 2512 ἐν·
937 2445 1079 2516 vitutem.
1114 2451 1218 2533 Atque
1246 2470 1285 2518 ex
1313 2451 1368 2519 illo
1399 2458 1544 2534 tempore

301 2575 375 2617 τοτε
408 2551 542 2639 ἐγένοντο
576 2551 678 2616 πάντα
706 2553 749 2617 τοὶ
780 2561 908 2617 τοιαῦτα
939 2571 1047 2621 omnes
1071 2554 1152 2621 istae
1174 2555 1270 2622 urbes
1286 2555 1471 2623 Sclavorum
1486 2557 1544 2624 tri-

301 2655 416 2744 ιιάσπροι
437 2656 569 2744 ὑπόροροι
588 2666 651 2721 τῶν
672 2656 835 2741 Σκλάβων,
858 2659 909 2719 aad
939 2657 1083 2726 buteriae
1106 2665 1199 2741 pacta
1220 2661 1297 2741 ipsis
1317 2660 1460 2750 solvunt:
1485 2661 1544 2726 As·

301 2763 433 2824 τελοῢσιν
463 2763 562 2835 αὐτοῖς
580 2759 696 2847 πάππα,
719 2761 756 2824 τὸ
778 2759 830 2848 ρὲν
853 2759 907 2825 κά-
939 2761 1086 2844 palathus
1110 2764 1237 2845 quidem
1259 2765 1335 2831 urbs
1356 2765 1544 2831 nomismata

301 2867 427 2952 στρονή
457 2862 653 2939 Ἀσπάλαθος
681 2865 849 2952 νορίσρπποι
869 2864 903 2947 σ’,
935 2867 1081 2947 ducenta,
1096 2867 1342 2950 Tetrangurium
1352 2868 1542 2934 nomismata

300 2968 337 3032 τὸ
366 2965 492 3056 κάστρον
512 2968 550 3032 τὰ
573 2965 787 3057 Τετραγγούριν
808 2970 907 3056 topic·
936 2975 1079 3050 centum,
1111 2971 1253 3038 Diodora
1282 2977 1408 3039 centum
1430 2978 1464 3040 11
1486 2973 1541 3038 de·

300 3093 385 3159 ματα
408 3071 438 3159 ρ’,
461 3071 498 3136 τὰ
520 3069 646 3161 κάστρον
660 3073 702 3137 τοὶ
712 3064 849 3160 Διάδωρτι
864 3073 905 3161 ρι’,
936 3091 1021 3160 ceni,
1046 3075 1170 3156 Opsara
1192 3079 1340 3157 1111111111,
1362 3074 1447 3142 Arba
1469 3095 1541 3143 cen·

299 3175 338 3239 τό
355 3177 529 3265 κάστροντά
544 3174 667 3266 Ὅψοιροι
682 3177 712 3264 ρ’,
727 3177 765 3241 τὰ
779 3175 905 3264 κάστρον
934 3185 1011 3258 tum,
1027 3177 1123 3245 Becla
1140 3185 1278 3264 centum,
1302 3179 1400 3246 itaut
1418 3181 1542 3248 univer·

299 3278 406 3367 ήἍρβ
448 3280 478 3368 ρ’,
501 3281 539 3344 τὰ
561 3279 688 3363 κάσπρον
710 3285 729 3352 ἡ
749 3279 850 3345 Βέκλα
872 3282 905 3364 ρ’,
936 3283 996 3349 sim
1012 3293 1120 3349 essent
1134 3285 1324 3350 nomismata
1343 3285 1543 3367 septingenta

301 3387 340 3458 ὠς
363 3387 436 3471 ὁμοῦ
456 3384 625 3472 νορίσροιπα
647 3381 694 3469 ψι’,
725 3385 810 3459 ἐκτὸς
832 3389 907 3450 οἴνου
936 3390 970 3454 11
992 3387 1102 3453 decem
1125 3393 1276 3469 execepto
1292 3388 1364 3452 vino
1379 3393 1413 3454 et
1428 3389 1541 3454 ceteris

299 3489 351 3550 ιιοιὶ
380 3485 485 3574 ἐτέρων
515 3478 656 3575 διαφόρων
678 3478 770 3551 εἰδῶν·
804 3499 905 3553 ταῦτα
937 3491 1102 3573 speciebus
1126 3491 1280 3567 diversis,
1311 3509 1392 3575 quas
1415 3499 1543 3574 praeter

301 3589 357 3679 γὰρ
372 3589 493 3654 πλείονά
508 3596 574 3654 εἰσιν
589 3589 659 3678 ὑπὲρ
674 3591 715 3655 τοὶ
726 3593 904 3680 νορίσριαπα.
935 3596 1130 3677 praedictam
1150 3594 1371 3660 nomismatum
1387 3613 1541 3660 summam

301 3694 339 3759 τὸ
367 3686 401 3758 δὲ
431 3693 556 3782 κάστρον
585 3695 623 3758 τὰ
649 3694 797 3760 Ῥοιούσιον
820 3695 907 3784 μέσον
937 3698 1137 3766 exhibebant.
1182 3697 1331 3764 Ceterum
1368 3698 1541 3782 Ragusium

299 3807 362 3863 τῶν
384 3789 436 3863 boo
456 3808 557 3886 χωρῶν
580 3799 757 3886 πρόσκειται,
788 3811 848 3864 τῶν
870 3823 905 3865 τε
934 3803 1011 3869 urbs
1035 3803 1173 3868 medium
1189 3803 1274 3868 iacet
1287 3801 1372 3869 inter
1386 3803 1444 3868 has
1459 3803 1540 3869 duas

300 3899 794 3990 ΖαχλούμοινκαὶσῆςΤερβοονίας·
808 3909 907 3992 ἔχουσι
937 3905 1091 3989 regiones,
1122 3907 1204 3972 inter
1226 3905 1470 3973 Zachlumorum
1492 3925 1542 3974 re·

300 3995 334 4069 dd
364 4008 415 4070 καὶ
442 4005 511 4081 τοὺς
541 4009 719 4094 ἀμπελῶνας
747 4010 846 4071 αὐτῶν
869 4012 907 4081 εἰς
937 4009 1063 4092 genem
1080 4008 1352 4090 Terbuniamque;
1376 4015 1410 4076 et
1423 4010 1544 4076 babent

213 4101 218 4108 ⁸
299 4109 466 4198 ἀμφοτέρας
489 4111 544 4186 τὰς
565 4110 679 4199 χώρας,
709 4113 759 4175 καὶ
788 4115 906 4175 τελοῦσι
935 4112 1088 4196 Ragusini
1126 4114 1210 4180 cives
1244 4113 1277 4178 in
1311 4119 1446 4195 utraque
1481 4113 1543 4178 hac

300 4212 370 4302 πρὸς
391 4213 444 4302 μὲν
465 4214 518 4278 πᾶν
540 4213 673 4302 ἄρχοντα
691 4225 752 4278 τῶν
767 4211 904 4302 napea
934 4217 1065 4300 regione
1088 4217 1185 4282 etiam
1209 4217 1317 4282 vineas
1339 4235 1431 4296 suas,
1463 4235 1541 4299 pen·

300 4340 364 4405 ρων
385 4317 553 4405 νομίσματα
575 4317 625 4401 λς’,
650 4319 718 4406 πρὸς
738 4309 771 4382 δὲ
792 4315 906 4406 πόνᾶρ-
938 4321 1080 4402 dantque
1125 4319 1367 4410 Zacblumorum
1412 4320 1539 4403 quidam

298 4441 395 4507 χοντσ
417 4415 589 4508 Τὲρβοονίας
611 4422 776 4508 νομίσματα
798 4422 848 4496 λς’.
934 4421 1067 4504 principi
1096 4422 1284 4489 nomismata
1311 4423 1444 4506 triginta
1473 4442 1558 4520 sex,

935 4525 1114 4594 Terbuniae
1137 4545 1213 4592 vero
1242 4517 1375 4608 principi
1397 4528 1541 4594 totidem.
