3602 5304
852 637 902 698 23.

253 735 276 795 l.
292 737 339 796 lli.

253 887 379 952 Sionem
400 889 444 954 od
466 889 674 974 Siayiduoum
697 898 725 955 el
748 890 897 956 Simiam
925 912 1019 956 nauca
1048 891 1167 958 Aoora‘s
1189 894 1232 958 ad
1247 893 1366 959 Istrum
1387 901 1416 960 ct
1434 893 1495 960 So·

643 1014 712 1059 curn
735 994 953 1058 traiicicodom
974 1001 1101 1078 purant.

295 1125 335 1190 'O
357 1119 390 1192 δὲ
413 1137 542 1216 χαγᾱνος
557 1129 724 1203 ἐπονδόκας
739 1129 856 1216 λαμβά-
931 1129 1101 1215 (lhaganus
1114 1131 1190 1197 item
1203 1140 1296 1214 pacta
1306 1135 1426 1201 tributa
1435 1154 1490 1200 au-

253 1253 307 1294 ναν
335 1232 390 1305 τοὶς
419 1232 569 1306 ουνθτόκας
596 1232 694 1316 ἐζήτει
715 1233 768 1296 τόν
790 1233 854 1295 καί·
884 1234 1494 1314 geriacaosareconteudebat.Cuicum

253 1356 336 1420 σαρα.
369 1337 432 1398 ἐπεὶ
465 1328 497 1398 δὲ
530 1339 546 1398 ό
578 1334 767 1420 αὐτοκράτωρ
797 1347 857 1408 τοῖς
888 1355 982 1403 aures
998 1355 1061 1404 non
1078 1337 1238 1422 darentur,
1263 1340 1410 1406 continuo
1425 1341 1493 1406 bel-

253 1438 349 1524 λόγοις
366 1448 421 1501 τοῦ
437 1438 579 1526 βαρβάρου
595 1439 681 1502 ὤτων
696 1443 749 1501 οόκ
764 1429 858 1502 ἐδίδου
888 1441 953 1504 lum
983 1441 1086 1506 moliri
1116 1446 1150 1506 et
1179 1441 1341 1510 Sclavenis
1374 1444 1493 1510 bonum
1610 1477 1615 1486 ·

253 1534 389 1623 βαλβιδα,
405 1541 611 1629 ἀπελάμβανε
625 1543 792 1629 παραυτίκα
808 1542 861 1604 τόν
891 1561 1055 1610 numerum
1090 1545 1302 1626 parandorum
1336 1547 1493 1614 actuario-

253 1644 391 1730 πόλεμον.
425 1647 476 1708 καὶ
507 1638 555 1708 οὖν
585 1649 600 1708 d
633 1654 763 1732 χαγόινος
799 1658 859 1719 τοῖς
890 1663 959 1712 rum
989 1647 1030 1712 ad
1060 1646 1176 1714 Istrum
1206 1649 1425 1716 traiicienduln
1447 1651 1493 1716 in·

253 1744 433 1830 Σαλαβηνοῖς
448 1747 627 1835 προστάττει
638 1749 768 1810 ἀκατίων
780 1749 855 1819 πλό-
888 1749 1002 1815 dicere.
1045 1749 1137 1816 Cives
1169 1749 1333 1833 Singidoni
1364 1751 1489 1819 Sclave-

252 1851 295 1920 όν
310 1851 530 1926 τεκταίνεσθαι,
550 1851 630 1924 ὅπως
644 1851 712 1938 πρός
727 1845 857 1933 διάβασιν
888 1871 1000 1919 norum
1022 1853 1150 1920 labores
1173 1855 1293 1922 crebris
1311 1855 1493 1938 impressio·

252 1954 336 2040 σχοίη
359 1954 412 2018 τόν
433 1952 545 2040 Ἴστρον
566 1955 723 2026 πειθήνιον.
755 1953 854 2041 οἱμὲν
884 1957 977 2022 nibus
1000 1957 1244 2042 depopulantur,
1268 1977 1439 2041 eorumque
1455 1959 1488 2024 in

252 2067 305 2130 τῆς
338 2044 516 2145 {semideos
553 2059 699 2142 οἰκήτορες
735 2058 855 2144 ἀθρόαις
885 2059 1079 2128 fabricandis
1102 2063 1235 2127 navibus
1252 2081 1350 2144 opera
1364 2063 1492 2145 ignibus

252 2153 362 2248 ὲρόδοις
388 2165 461 2225 τισίν
490 2171 551 2224 τῶν
580 2159 770 2244 Σκλαβηνον
789 2171 858 2235 τοῦς
888 2171 1032 2230 exurunt.
1057 2164 1211 2242 Quocirca
1230 2165 1357 2232 barbari
1380 2169 1492 2233 urbem

252 2263 355 2338 πόνους
376 2265 538 2348 λογίζονται,
568 2266 618 2328 καὶ
647 2267 712 2350 πυρὶ
734 2255 856 2351 παραδι-
887 2267 1054 2333 obsidione
1088 2269 1300 2349 eirculndant3
1334 2287 1416 2351 quae
1450 2271 1492 2336 ad

252 2359 331 2432 δοῦσι
353 2368 394 2432 τοὶ
416 2367 485 2455 πρός
499 2369 648 2432 ναυτιλίαν
664 2367 779 2431 τούτων
795 2369 856 2430 ἐπί-
886 2375 1060 2436 extremam
1084 2371 1234 2437 devoluta
1257 2365 1417 2440 miseriam
1434 2392 1492 2457 spe

251 2493 340 2558 χειρα.
365 2462 414 2535 διόι
435 2494 481 2535 τοι
498 2481 590 2535 τοῦτο
605 2476 786 2558 πολιορκοῦσι
800 2472 856 2540 τόν
886 2473 997 2538 salutis
1020 2473 1133 2554 exigua
1149 2475 1304 2558 alebatur,
1328 2495 1398 2542 cum
1421 2478 1492 2544 luce

251 2565 418 2662 Σιγγηδόνα
438 2579 464 2638 οἱ
487 2574 638 2662 βάρβαροι,
669 2579 688 2646 ν’,
718 2568 751 2638 δὲ
773 2575 856 2648 πόλις
885 2577 1022 2658 septima
1045 2577 1204 2660 chaganus
1219 2579 1363 2646 barbaris
1384 2579 1489 2662 edicit,

251 2679 463 2766 ἐςτοόσχατον
477 2677 637 2766 ἀφικομένη
651 2689 745 2742 κακοῦ
756 2679 856 2766 ίσχνόις
886 2685 921 2746 ut
952 2680 1116 2748 obsidione
1148 2681 1259 2747 relicta
1281 2682 1322 2748 ad
1345 2701 1380 2749 sc
1403 2685 1490 2748 veni·

251 2781 407 2871 ὲπσρίρετο
429 2784 572 2870 σωτηρίας
591 2775 719 2856 ἐλπίδας.
744 2775 854 2868 ἑβδόμη
886 2791 942 2850 ant
975 2784 1097 2862 Quibus
1112 2785 1197 2851 dicto
1213 2787 1425 2867 audientibus,
1450 2787 1490 2854 ab

251 2876 284 2950 δὲ
310 2885 413 2974 ιόρέρα,
436 2890 486 2952 καὶ
508 2892 524 2951 ό
546 2895 676 2974 χαγοίνος
705 2899 765 2960 τοῖς
787 2889 857 2975 βαρ
888 2889 1031 2954 obsessis
1055 2887 1178 2957 duobus
1198 2890 1375 2957 doricorum
1398 2891 1491 2956 milli-

252 2991 346 3078 βάροις
383 2990 569 3079 προσέταττε
602 3002 656 3066 τῆς
691 2992 855 3078 πολιορκίας
884 2993 944 3058 bus
960 3010 1133 3074 mensaque
1148 3012 1227 3059 auro
1243 2994 1336 3060 illusa
1349 3013 1388 3061 ac
1402 3001 1491 3062 veste

251 3095 420 3183 ἀπέχεσθαι
446 3093 586 3182 γενέσθαι
618 3119 654 3159 τε
686 3101 725 3170 ὡς
753 3095 852 3159 αι’πόν.
884 3097 1032 3178 acceptis,
1057 3097 1098 3161 ab
1121 3096 1239 3179 oppido
1261 3098 1391 3178 recedit,
1415 3115 1489 3166 con·

251 3199 313 3262 ἐπεὶ
336 3189 369 3262 δὲ
390 3198 428 3262 τό
455 3198 597 3287 βάρβαρον
625 3199 741 3263 τούτων
763 3200 856 3271 αότιί-
886 3201 1042 3282 lectisque
1072 3201 1257 3285 paransagis
1286 3203 1425 3284 quinque
1447 3202 1490 3269 ad

251 3325 318 3366 κοον
346 3301 484 3390 γέγονεν,
512 3301 710 3391 ἀπολιρ.ποἰνει
737 3304 775 3366 τό
802 3305 857 3366 πό·
887 3305 1031 3370 Mirsium
1066 3305 1099 3387 (i.
1131 3323 1157 3369 e.
1190 3304 1351 3386 Sirmium)
1386 3309 1491 3372 castra

250 3409 340 3493 λισμα
354 3417 467 3494 χρυσῶν
481 3397 620 3494 δαρεικῶν
635 3398 769 3494 χιλιάδας
780 3410 854 3470 ἀπε·
884 3413 1025 3473 metatur
1048 3425 1086 3473 ac
1108 3407 1303 3472 multitudini
1319 3406 1489 3474 sclaveno-

250 3508 425 3596 νεγκάρκενος
447 3501 498 3574 δύο
520 3509 669 3598 τράπεζάν
691 3533 726 3573 τι
747 3510 851 3598 χρυσό-
882 3531 950 3575 rum
972 3511 1259 3592 componendarum
1274 3511 1490 3577 navicularum

250 3635 366 3676 παστον
387 3615 437 3676 καὶ
468 3613 586 3684 στολήν.
614 3617 664 3677 καὶ
686 3607 734 3677 οὖν
756 3618 772 3677 ό
794 3636 852 3701 χα-
882 3615 1060 3680 adamnem
1077 3612 1172 3679 Saum
1188 3615 1417 3680 transeundum
1432 3635 1486 3680 ne-

249 3724 336 3804 γοῖνος
347 3715 541 3804 παρασάγγας
555 3716 747 3804 πασσάμενος
761 3717 851 3781 πέντε
881 3718 1001 3801 gotium
1030 3717 1173 3799 iniungit.
1210 3717 1253 3782 nt
1282 3717 1337 3784 ille
1360 3717 1489 3800 quidem

250 3811 516 3907 στρατοπεδεύεται
559 3819 616 3882 ἀντὶ
652 3820 689 3884 τό
727 3819 854 3908 Μίροιον,
885 3821 1115 3903 expeditionem
1131 3825 1234 3902 urget,
1256 3821 1289 3886 hi
1305 3822 1391 3888 iussa
1405 3821 1489 3888 illico

250 3924 357 3995 πλήθη
373 3945 408 3987 τε
422 3921 604 4005 Σκλαβηνῶν
618 3925 779 4012 ξυλουργιλι
793 3946 852 3987 πα·
883 3924 1034 4006 complexi
1049 3931 1083 3991 et
1098 3924 1286 3991 constitutos
1302 3924 1489 3991 decuriones

250 4025 436 4112 ρισιεόαζεν,
468 4026 547 4100 όπιος
569 4027 621 4090 τόν
643 4027 779 4114 ποταμόν
801 4027 854 4091 τόν
883 4029 924 4094 ad
970 4046 1068 4110 opera
1112 4029 1267 4109 exigenda
1310 4033 1489 4095 metuentes

250 4129 407 4216 λεγόμενον
430 4127 509 4192 Σάον
538 4131 762 4217 ναυτιλλόμενοι
790 4121 854 4193 διοι-
884 4132 1045 4197 curandae
1057 4131 1250 4212 navigationi
1262 4148 1391 4214 operam
1401 4131 1488 4198 dant.

249 4232 380 4316 νόξητοιι.
414 4231 505 4320 duis
536 4225 585 4296 οὖν
606 4232 676 4320 πρός
697 4233 753 4303 τὴν
775 4234 855 4298 ἑπισ-
885 4233 1060 4301 lubricatis
1082 4236 1179 4317 igitur
1194 4236 1258 4300 iam
1274 4233 1441 4317 navigiolis
1457 4241 1491 4301 et

250 4336 387 4422 τραπείοιν
408 4337 566 4423 ἠπείγετο,
597 4339 624 4399 οἱ
645 4327 678 4400 δὲ
700 4329 854 4423 σύνδρομον
883 4339 917 4403 in
928 4337 1214 4419 medioprnpositis
1229 4335 1490 4405 vicinumflumen

251 4448 295 4520 τῷ
317 4437 525 4527 προστάγματι
546 4440 602 4510 τόν
623 4441 771 4502 ναυτιλίαν
794 4461 854 4502 ποι-
884 4439 1012 4506 barbari
1048 4442 1276 4506 transmittunt.
1316 4439 1489 4523 chaganus

250 4543 390 4630 ρσίχοντο·
413 4552 539 4606 τοιαῦτα
554 4541 610 4629 χοὶρ
625 4533 683 4605 olba
697 4551 758 4604 τῶν
777 4566 854 4605 τατ-
883 4549 1007 4626 partem
1030 4545 1189 4625 copiarum
1212 4549 1377 4628 segregat,
1406 4563 1489 4627 quae

248 4645 380 4733 τορὲνων
402 4649 418 4708 ό
441 4645 527 4732 ρόβος
545 4647 708 4732 ταξιαρχῶν
726 4644 856 4733 ἀπιργοί-
885 4653 1072 4729 praecurrat
1092 4647 1306 4730 Romanisque
1333 4647 1488 4716 adventus

1343 4757 1382 4818 16
