3602 5304
317 281 380 346 252

316 483 420 563 ciunt;
442 501 551 550 verum
574 500 684 547 eorum
706 481 857 564 impetum
879 501 943 550 non
965 483 1168 562 sustinentes,
1199 482 1290 550 simul
1317 483 1411 551 etiam
1433 483 1552 549 incolas

313 590 492 654 metuentes
521 586 554 650 in
584 583 691 668 fugam
722 604 758 652 se
787 584 960 652 conferunt.
995 586 1046 652 Ita
1072 587 1200 654 Priscus
1226 586 1387 669 populum.
1417 587 1552 652 miseriis

312 690 567 768 circumventum,
582 689 786 755 conservavit.
800 688 910 756 Altero
923 689 954 754 di
966 708 1073 757 muros
1084 691 1201 757 circum
1213 691 1323 758 urbem
1336 688 1549 757 reaedificant.

351 788 390 853 '0
405 781 438 855 δὲ
449 799 579 879 χαγᾶνος
594 791 641 854 ἐπὶ
655 791 770 866 τούτοις
785 782 915 880 erepeba-
990 793 1082 872 Quod
1111 795 1226 861 acerbe
1254 793 1361 861 ferens
1390 798 1423 858 et
1445 792 1552 860 tabes·

310 895 454 986 μύττςτο,
476 896 537 986 τήν
555 917 590 958 τε
608 887 728 982 καρδίαν
743 895 917 982 operemi-
947 915 1022 964 cens
1052 899 1157 965 auimo
1187 897 1348 979 chaganus
1377 897 1480 964 missis
1508 896 1550 962 ad

311 1021 395 1086 μενος
410 997 554 1086 ἀγγέλους
568 999 636 1086 πρὸς
651 999 703 1062 τὸν
717 996 843 1080 Πρίσκον
859 999 917 1084 ἑξέ-
946 1001 1092 1067 Priscum
1114 1001 1232 1068 nuntiis
1255 1001 1367 1068 foedus
1381 1001 1486 1084 palam
1502 1017 1552 1067 re

311 1123 435 1188 πεμπσν,
466 1103 494 1174 ἐς
516 1102 553 1165 τὸ
575 1102 693 1190 φανερὰν
716 1103 771 1177 τοὶς
793 1095 919 1178 σπονδὰς
948 1107 1091 1189 nuntiat,
1122 1123 1161 1172 ac
1189 1106 1260 1172 luco
1290 1105 1414 1172 decima
1443 1107 1553 1170 coneto

313 1197 448 1272 διαλύων.
458 1195 570 1277 δεκάτη
579 1195 722 1293 ditatae
735 1209 784 1270 καὶ
792 1206 847 1281 τοὶς
855 1211 917 1294 περὶ
947 1209 1086 1275 exercitu
1119 1227 1176 1276 suo
1210 1209 1243 1274 in
1273 1207 1375 1274 sinum
1405 1205 1553 1275 Joninm⁵

315 1307 405 1372 αὐτὸν
427 1298 559 1394 δυνάμεις
573 1308 764 1395 συναθροίσας
779 1313 796 1373 o
811 1309 920 1398 βάρβσι-
951 1312 1045 1377 ducit.
1075 1312 1181 1395 Prope
1211 1310 1308 1378 hosce
1338 1311 1424 1379 locos
1447 1310 1552 1392 posita

314 1434 358 1499 ρος
381 1413 427 1474 ἐπὶ
450 1411 502 1474 τᾶν
518 1409 611 1474 Ἰόνιον
625 1411 753 1476 adiutor⁵
768 1412 919 1500 στρατεύει
948 1421 998 1481 est
1019 1415 1181 1482 Dalmatia
1201 1415 1298 1498 regio.
1323 1414 1433 1480 Multis
1456 1413 1554 1495 igitur

314 1516 370 1586 arlo
407 1513 568 1602 σάλπιγγα.
605 1516 668 1602 περὶ
695 1516 819 1590 τούτους
851 1518 920 1591 τοὺς
949 1521 1063 1585 castris
1085 1520 1241 1586 barbmns
1261 1519 1433 1600 Bankeis⁶‚
1457 1522 1492 1584 ut
1506 1517 1554 1583 di·

314 1617 424 1691 τόπους
453 1607 486 1688 t‘
500 1617 662 1705 Δολμοιτία
678 1619 774 1706 ¹pepe
805 1619 917 1684 καθέσ-
947 1621 1038 1704 citur,
1061 1623 1164 1708 venit,
1195 1622 1375 1705 oppidoque
1405 1620 1554 1704 operibus

314 1742 398 1792 τοκε.
422 1719 516 1784 τοίνυν
537 1721 650 1794 ἱκανοὺς
672 1721 805 1810 χάρακας
820 1727 836 1786 ὁ
852 1722 921 1810 βάρ-
951 1725 1085 1792 admotis
1119 1727 1151 1791 in
1184 1729 1376 1808 potestatem
1409 1728 1549 1808 accepto,

316 1825 401 1912 βαρος
422 1822 616 1910 ποιησάμενος
637 1831 675 1898 εἰς
693 1825 748 1900 τοὶς
762 1825 921 1914 λεγομένας
951 1830 1160 1914 quadraginta
1186 1831 1318 1913 iusuper
1344 1828 1477 1896 castella
1498 1846 1554 1894 va·

316 1926 457 2016 aspero
472 1928 612 2016 ἐχώρησε,
634 1931 685 1992 καὶ
706 1919 743 2000 bi
766 1953 920 2016 παραστο-
950 1933 1054 2000 stavit.
1522 1925 1530 1938 ⁸

317 2029 439 2118 eriperer
460 2029 517 2102 τὴν
536 2031 620 2096 πόλιν
649 2043 708 2106 τοῖς
730 2033 924 2121 μηχανῆμοισι
1018 2095 1024 2108 ,,

316 2141 539 2222 τεσσαρώιοντα
561 2134 738 2223 ἐξεπόρθησε
761 2135 885 2224 φρούρια.

362 2237 452 2315 Quae
471 2239 635 2305 calamitas
658 2238 712 2305 ubi
735 2238 777 2305 ad
800 2257 895 2306 aures
918 2241 1007 2307 ducis
1029 2238 1152 2324 accidit,
1168 2240 1318 2306 Gunduin
1334 2257 1404 2306 eum
1429 2239 1554 2306 duobus

319 2346 513 2407 armatorum
535 2342 674 2409 milhbus
697 2345 737 2410 ad
760 2361 813 2409 res
835 2343 1017 2410 lustrandas
1038 2344 1144 2409 mittit.
1178 2342 1210 2407 Is
1233 2360 1304 2408 cum
1335 2341 1467 2408 delectis
1494 2343 1556 2410 iter

318 2445 385 2527 agit
406 2462 444 2510 ac
465 2444 548 2509 viam
572 2444 691 2530 regiam
713 2445 874 2512 declinans
897 2465 955 2528 per
975 2445 1046 2512 loca
1076 2443 1216 2510 difficilia
1243 2446 1434 2527 semitasque
1469 2446 1555 2512 ineo·

320 2537 424 2628 gnitas
447 2547 600 2629 graditur,
624 2549 737 2615 necubi
759 2548 866 2616 hostili
889 2547 970 2616 iacie
992 2549 1161 2614 multorum
1183 2548 1390 2614 barbarorum
1409 2548 1503 2615 obvia
1522 2548 1556 2614 in

318 2654 493 2717 extremum
518 2651 684 2719 discrimen
712 2651 881 2721 laberetur.
904 2652 1022 2718 Faetus
1052 2651 1149 2735 igitur
1178 2651 1323 2718 barbaris
1352 2651 1491 2734 propior,
1515 2671 1554 2718 ex

318 2753 384 2820 alta
417 2755 554 2837 quadam
582 2755 710 2837 specula
741 2756 869 2837 globum
898 2759 1154 2837 praetereuntem
1186 2755 1281 2822 videt
1315 2753 1391 2820 Mox
1424 2755 1554 2836 triginta

322 2857 429 2938 mittit,
454 2859 508 2940 qni
530 2876 640 2925 eorum
663 2858 797 2942 vestigia
815 2858 1029 2927 observarent.
1051 2859 1115 2926 Per
1128 2857 1220 2925 devia
1234 2857 1330 2940 igitur
1344 2857 1480 2925 Romani
1495 2857 1557 2924 iter

322 2965 466 3044 carpunt,
490 2980 528 3028 ac
550 2963 609 3028 rub
632 2963 804 3030 secundam
826 2961 965 3046 vigiliam
988 2962 1098 3044 noctis,
1123 2963 1214 3044 quasi
1227 2962 1260 3027 in
1275 2960 1408 3028 latebris
1429 2960 1557 3043 quibus-

322 3064 396 3130 dam
419 3063 571 3132 barbaros
593 3065 793 3149 indagarent,
815 3065 849 3131 iu
871 3066 951 3132 silva
971 3083 1030 3148 per
1056 3066 1186 3150 insidias
1216 3083 1288 3132 sese
1316 3064 1463 3143 condunt
1492 3082 1557 3130 me·

321 3166 437 3249 dieque
459 3172 552 3234 nocte
572 3168 690 3236 virtute
709 3169 789 3236 duce
805 3168 998 3236 dormientes
1014 3167 1204 3251 opprimunt.
1227 3168 1360 3235 Duabus
1373 3168 1559 3234 indeleucis

319 3271 443 3351 intres,
467 3271 596 3354 crapula
610 3276 645 3337 et
658 3271 732 3339 vino
747 3289 861 3355 graves
881 3271 1059 3352 admodum,
1077 3269 1251 3338 incidentes
1267 3275 1386 3364 captos,
1404 3276 1555 3353 quantum

321 3379 464 3456 possunt,
495 3375 685 3454 examinant
717 3376 822 3440 omnia
850 3374 989 3441 hostium
1019 3373 1179 3441 molimina
1208 3375 1396 3457 exprimunt,
1421 3374 1559 3440 manicas

321 3477 474 3563 iniioiunt,
497 3476 626 3544 Gundui
648 3477 736 3543 vivos
759 3477 898 3544 mittunt.
923 3477 1068 3544 Gunduis
1094 3477 1282 3557 taxiarchus
1306 3476 1362 3543 ubi
1384 3475 1559 3560 choganum

325 3581 366 3646 ad
394 3580 543 3664 praedam
574 3579 814 3648 custodiendam
843 3581 906 3648 duo
934 3579 1032 3646 millia
1061 3579 1263 3646 constituisse
1291 3580 1332 3646 ab
1364 3579 1411 3646 eis
1441 3579 1559 3654 ducit,

324 3683 434 3750 nuntio
456 3684 562 3752 laetus
585 3702 620 3750 se
641 3683 673 3749 in
696 3683 779 3750 valle
801 3683 935 3764 quadam
959 3681 1106 3749 occultat.
1140 3681 1273 3749 Barbari
1294 3701 1387 3749 mane
1409 3682 1560 3765 praedam

325 3787 541 3866 asservabant,
558 3804 629 3852 curn
644 3787 788 3853 Gunduis
804 3806 824 3852 a
839 3792 929 3870 tergo
946 3785 1110 3853 confertim
1118 3784 1271 3850 invadens
1280 3802 1390 3852 omnes
1399 3785 1560 3866 interimit,

325 3889 537 3973 praedamque
559 3895 718 3972 receptam
750 3890 790 3955 ad
818 3891 961 3954 Priscum
991 3887 1217 3972 gloriabundus
1249 3888 1442 3955 transmittit
1477 3885 1561 3954 Cha·

324 4013 425 4080 genus
448 3994 573 4075 cognito
597 3993 730 4059 adverso
754 4011 830 4059 casu
853 3993 984 4060 tristitia
1005 3994 1105 4057 multa
1128 3992 1280 4058 obruitur.

410 4097 737 4178 Theophylaetihietor.
747 4101 797 4161 lib.
808 4099 898 4161 Vile.
909 4101 938 4172 l,
950 4100 1086 4159 10-12,
1095 4097 1309 4173 Theophanes:
1324 4097 1562 4176 ehronographia

368 4205 397 4263 p.
415 4188 574 4247 ras-29.
591 4187 638 4250 ed.
654 4187 748 4248 Bonn.
765 4187 896 4246 Historia
908 4186 1039 4246 miscella
1054 4184 1200 4244 lib.XVll
1211 4201 1239 4258 p.
1257 4185 1327 4245 119.
1344 4183 1392 4245 ed.
1408 4184 1562 4246 hluratori.

410 4272 535 4333 hluralt:
553 4271 639 4333 lissei
655 4273 692 4332 de
707 4271 951 4348 Chronographie
965 4270 1122 4347 byzantina
1137 4270 1161 4347 Ι,
1179 4271 1251 4329 258.

412 4359 551 4419 Reversis
567 4376 594 4419 a.
612 4359 673 4418 593
689 4356 797 4417 Avaris
812 4375 831 4416 a
846 4357 980 4432 Byzantii
1002 4355 1133 4415 confiniis
1156 4356 1184 4414 in
1208 4355 1347 4415 ditionem
1370 4373 1469 4432 suam,
1493 4373 1561 4415 mox

371 4446 465 4505 altero
481 4463 557 4504 anno
573 4443 661 4522 (594)
687 4459 776 4520 „vere
792 4443 909 4504 ineunte
924 4443 1042 4501 Priscus
1065 4442 1240 4501 auctoritate
1262 4442 1449 4516 imperatorie
1465 4437 1576 4515 (blau.

237 4603 246 4613 ⁶
372 4529 449 4614 ricii)
472 4529 512 4591 ad
526 4532 634 4592 latrum
649 4532 766 4610 movet,
792 4532 825 4590 ut
846 4529 885 4590 ab
907 4546 942 4588 eo
967 4527 1177 4590 sclavenorum
1199 4543 1272 4606 gens
1295 4527 1402 4589 flumen
1428 4526 1563 4588 traiimre
