3602 5304
305 333 369 396 264

906 539 955 600 60.

304 627 326 688 1.
341 627 385 689 oo.

383 761 509 828 Stabant
530 765 565 828 ira
588 765 723 828 virinum
745 759 940 844 Baioariom,
966 760 1069 826 Drom
1088 761 1178 844 fleturi
1199 783 1304 848 cursu,
1328 765 1466 827 irruant.

351 885 422 950 Hiis
444 884 642 966 temporibus
662 889 787 949 mortuo
810 882 983 962 Tassilone,
1008 883 1087 949 duce
1109 882 1345 962 Baioariorum,
1374 881 1549 948 filiuseius

310 988 501 1054 Garibaldus
523 989 556 1053 in
580 986 725 1068 Agunto¹
749 1005 768 1050 a
792 985 913 1051 Sclavis
938 986 1082 1052 devictus
1104 992 1170 1064 est;
1194 986 1460 1052 etBaioariorum
1483 992 1547 1051 ter·

310 1093 384 1156 mini
417 1091 660 1172 depraedantur.
695 1088 879 1170 Resumptis
908 1096 1014 1154 tamen
1044 1088 1182 1155 Baioarii
1210 1089 1329 1154 viribus
1359 1093 1392 1154 et
1414 1087 1550 1170 praedas

313 1195 353 1260 ab
375 1193 521 1260 hostibus
545 1193 717 1272 excutiunt,
741 1197 774 1256 et
797 1193 906 1258 hostes
930 1193 970 1258 de
993 1193 1058 1258 suis
1081 1191 1195 1258 finibus
1217 1193 1416 1274 pepulerunt.

354 1318 621 1464 ΜΡοῖιΙίιοίοοοοί
645 1317 681 1376 de
705 1319 796 1393 gestis
820 1317 1085 1392 Langobardorum
1108 1318 1159 1378 lib.
1183 1317 1226 1378 IV
1249 1335 1275 1376 ο.
1300 1319 1351 1396 41,
1376 1335 1405 1392 p.
1423 1317 1485 1376 468
1502 1316 1549 1376 ed.

385 1422 440 1463 ura
454 1422 507 1464 οτι.

352 1522 358 1552 ¹
377 1536 450 1576 nune
467 1520 599 1575 lnniehen
617 1519 651 1575 ad
668 1519 752 1574 Dravi
769 1518 968 1588 scaturiginem.

907 1749 957 1810 ol.

309 1835 333 1898 l.
349 1835 389 1897 to.

580 1935 705 2000 &areat
726 1931 887 2000 Histriam
909 1934 1008 2000 denuo
1031 1933 1276 2020 depraedantur.

355 2055 423 2122 Rex
446 2075 521 2122 vero
545 2055 712 2140 Agilulfus‚
737 2075 848 2138 pacem
870 2075 939 2122 curu
952 2057 1146 2139 imperatore
1160 2057 1193 2121 in
1210 2049 1325 2121 annum
1349 2075 1445 2121 unum
1459 2055 1551 2121 item·

311 2177 375 2242 que
396 2159 430 2223 in
452 2159 586 2225 alterum
608 2158 738 2245 faciens,
763 2177 833 2226 eum
848 2159 978 2226 Francis
1000 2176 1127 2241 quoque
1149 2159 1264 2226 iterato
1287 2177 1396 2241 paoem
1409 2165 1550 2226 renovat.

312 2263 383 2328 Hoe
404 2261 604 2329 nihilominus
628 2282 710 2330 anno
735 2263 839 2330 Sclavi
862 2261 1025 2344 Histriam,
1057 2261 1231 2328 interiectis
1255 2263 1427 2344 militibus,
1459 2261 1551 2327 lacri-

312 2365 472 2432 mobiliter
494 2366 681 2448 depraedati
703 2373 786 2433 sunt.
1031 2377 1033 2383 ·

356 2575 386 2636 M
400 2489 497 2635 Ριιέιοὶίο
509 2489 626 2550 diaconi
649 2491 686 2552 da
709 2492 801 2568 gestia
824 2491 1089 2566 Langobardorum
1113 2491 1163 2549 lib.
1184 2489 1226 2548 IV
1249 2507 1274 2550 ο.
1299 2489 1350 2549 42.
1375 2507 1403 2566 p.
1426 2489 1488 2550 468
1505 2489 1551 2550 ad.

387 2593 441 2635 ura
473 2593 507 2636 rr.

872 2762 1003 2834 1621.

313 2865 373 2927 tim
387 2885 407 2928 a
423 2867 537 2928 tto-u.

314 3001 417 3066 Auara
439 3009 467 3066 et
489 3001 623 3086 filuueni,
646 3003 814 3090 horumque
822 3007 938 3090 populi
956 3005 1084 3072 Obroatt'
1099 3011 1128 3068 et
1144 3003 1244 3068 Sarblr'
1259 3001 1465 3086 Dalmatiam,
1485 3005 1553 3085 pri·

315 3125 463 3192 ονιιοιοοο
481 3126 561 3190 pora
584 3105 709 3191 Illyrici
728 3127 845 3193 quoque
867 3116 896 3172 et
919 3107 1100 3173 Pannoniae
1115 3129 1189 3173 oras
1203 3109 1371 3191 compara,
1395 3113 1553 3190 occupant.

887 3241 892 3251 '
924 3236 949 3293 l.

358 3325 431 3416 Περὶ
459 3337 514 3402 σῆς
542 3328 712 3416 Asinaria
739 3332 789 3393 ιιιιὶ
811 3341 872 3394 σοι
894 3333 923 3395 ὲν
995 3333 1045 3398 De
1067 3333 1237 3412 Dalmatia,
1261 3339 1293 3399 et
1312 3332 1438 3416 populis
1454 3332 1484 3399 ei
1500 3333 1556 3398 ad-

317 3433 397 3516 ιιύσῇ
411 3431 629 3520 παρακειμένων
644 3434 748 3497 ἐθνῶν.
764 3431 841 3498 Ὅτι
855 3435 922 3499 Δισ-
953 3435 1137 3504 iacentibus.
1153 3436 1370 3503 Diocletianus
1384 3437 1557 3518 imperator

316 3535 511 3609 alienandae
534 3536 666 3616 βασιλεὺς
687 3535 763 3599 πάνυ
785 3547 840 3611 τῆς
861 3537 923 3626 χώ-
954 3557 1156 3622 summopere
1192 3540 1384 3606 Dalmatiam
1421 3540 1556 3618 amavit3

315 3661 365 3727 ρας
387 3637 558 3726 Δελμσισοις
575 3638 704 3726 ἠράσθη,
731 3633 775 3704 διὰ
796 3643 846 3706 καὶ
861 3642 922 3705 ἀπὸ
952 3662 1050 3725 quare
1073 3644 1167 3710 etiam
1190 3643 1299 3724 populi
1315 3643 1449 3710 Romani
1471 3644 1555 3708 eolo·

316 3753 371 3816 τῆς
392 3741 508 3829 Ῥώμης
529 3743 602 3806 λαὸν
621 3744 744 3832 ἀγαγὼν
768 3745 846 3832 μετὰ
867 3746 923 3820 τοὶς
953 3749 1021 3814 niae
1052 3766 1090 3814 eo
1121 3748 1284 3825 111111111111;ι
1314 3747 1486 3830 populique
1509 3746 1555 3812 illi

315 3846 453 3935 φαμιλίας
469 3849 568 3910 αὐτῶν
582 3848 612 3911 ὲν
627 3857 667 3931 τῇ
683 3841 762 3932 αὐτῇ
776 3858 831 3925 τῆς
846 3848 922 3914 nal·
952 3851 1088 3918 Romani
1111 3852 1284 3934 nuncupati
1315 3856 1406 3932 sunt,
1439 3852 1557 3934 quippe

315 3951 423 4037 ματίας
445 3950 529 4037 χώρᾳ
550 3949 674 4025 τούτους
688 3953 921 4024 κατεσιήνοισει
952 3955 1008 4037 qni
1037 3955 1138 4021 Rome
1171 3954 1247 4021 illue
1276 3955 1556 4038 commigrassonl3

315 4054 344 4116 ui
376 4055 426 4116 καὶ
462 4051 606 4140 Ῥωμᾶνοι
644 4054 921 4142 προσηγορεύθησαν
951 4065 1122 4140 manetque
1145 4059 1183 4123 iis
1207 4076 1381 4142 cognomen
1404 4057 1489 4124 istud
1513 4057 1556 4123 ad

314 4147 363 4219 bul
394 4156 431 4219 τὰ
462 4157 523 4219 ἀπὸ
545 4154 660 4246 Ῥώμης
690 4161 920 4247 μετοικισθῆναι,
951 4159 1138 4228 hodiernum
1154 4180 1255 4242 usque
1272 4161 1364 4228 diem.
1388 4161 1555 4226 Laudatus

315 4262 366 4322 καὶ
387 4259 502 4330 σαύτην
531 4261 613 4348 μέχρι
640 4271 695 4335 τῆς
723 4262 845 4349 σήμερον
867 4263 923 4334 τὴν
953 4264 1060 4346 itaque
1082 4265 1255 4348 imperator
1272 4265 1491 4331 Diocletianus
1505 4281 1557 4329 ur-

314 4362 480 4449 ὲπωνυμίσιν
502 4362 736 4450 ἐναποφέροντσιι.
765 4357 849 4437 οὗτος
872 4358 921 4429 οὖν
950 4367 1022 4432 bem
1038 4366 1102 4432 illic
1125 4367 1332 4450 Aspalathnm
1348 4367 1499 4444 condidit,
1523 4373 1558 4433 et

317 4465 489 4547 ὸβασιλεὺς
511 4465 720 4541 Διοκλητισινὸς
738 4470 788 4531 καὶ
809 4469 923 4532 τὸτοῦ
953 4471 984 4534 in
1016 4489 1055 4536 eo
1084 4470 1203 4552 palatia
1231 4471 1315 4538 omni
1345 4471 1556 4554 descriptione

315 4567 514 4634 Ἀσπιιλάθσυ
528 4569 654 4657 ιιάσσρον
669 4562 852 4660 ᾠκοδόμησε,
872 4575 922 4636 aad
951 4574 1072 4640 maiora
1095 4573 1251 4653 extruxit,
1283 4593 1416 4659 quorum
1444 4577 1556 4644 etiam
