3604 5276
350 393 414 455 274

230 682 235 694 ι
347 596 430 682 νιχροὶ
452 587 633 684 ὑποδήματα
653 605 818 682 φοροῦντες.
841 595 956 668 ταύτην
987 616 1056 662 rum
1091 598 1273 680 imperatori
1307 598 1489 666 servirent¹
1526 598 1593 664 dli-

348 692 381 762 δὲ
408 701 464 769 τὴν
493 701 657 786 ἐπωνυρλαν
680 705 766 786 ἔσχον
788 703 814 762 οἱ
836 697 957 786 Σέρβλοι
986 707 1105 782 quarite
1120 720 1196 766 vero
1213 708 1287 783 post
1302 703 1403 767 visum
1427 713 1479 768 est
1494 701 1589 769 Serb-

348 794 396 867 διὰ
418 803 454 866 τὰ
471 793 569 866 δοῦλοι
590 803 729 889 γενέσθαι
744 812 798 865 τοῦ
814 803 954 886 βασιλέως
984 805 1022 870 lis
1053 806 1085 868 in
1123 811 1241 870 terram
1280 824 1368 870 suam
1407 806 1527 880 redire,
1558 811 1593 870 et

348 905 528 995 Ῥωμαίων.1
549 906 628 993 μετὰ
639 896 672 969 δὲ
684 905 785 993 χρόνον
799 905 865 969 τινὰ
877 896 956 990 ἔδοξε
987 908 1107 973 dimisit
1129 908 1200 974 illos
1223 911 1406 990 imperator.
1435 907 1498 975 Sed
1520 927 1591 974 cum

346 1011 416 1084 τοὺς
448 1010 555 1083 αὐτοὺς
584 1008 727 1098 Σέρβλους
759 1016 796 1083 εἰς
825 1009 866 1072 τὰ
894 999 953 1072 ἴδια
985 1012 1185 1078 traiecissem
1229 1013 1410 1078 Danubium
1462 1010 1587 1091 flumen,

347 1116 501 1190 anaidem,
523 1116 573 1176 καὶ
595 1112 718 1186 τούτους
743 1111 915 1177 ἀπέστειλεν
938 1118 954 1176 d
985 1116 1181 1196 poenitentia
1204 1116 1290 1181 ducii
1313 1135 1370 1198 per
1397 1121 1589 1198 praetorem,

347 1216 489 1301 βασιλεὺς·
513 1217 565 1280 ὅτε
585 1207 618 1279 δὲ
637 1207 807 1303 διεπέρασαν
823 1217 876 1280 τὸν
892 1216 954 1279 hai-
984 1219 1036 1310 qui
1063 1225 1128 1283 tum
1150 1219 1365 1302 Belogradum
1387 1219 1590 1284 administra·

346 1323 439 1403 νουβιν
462 1319 618 1406 ποταμόν,Ι
631 1325 794 1407 paralysim
808 1319 956 1409 γενόμενοι
986 1322 1049 1400 bat,
1083 1323 1123 1388 ab
1146 1321 1296 1389 Heraclio
1319 1325 1510 1405 imperatore
1534 1342 1588 1404 pe·

346 1426 491 1512 ὲμήνυσαν
513 1422 676 1511 Ἡρακλείῳ
705 1434 751 1506 τῷ
773 1425 887 1507 βασιλεῖ
906 1417 954 1488 διὰ
985 1427 1120 1498 tierunt,
1160 1427 1254 1492 elium
1293 1427 1353 1494 sibi
1390 1434 1509 1492 terrun]
1547 1427 1589 1492 ad

346 1539 401 1592 τοῦ
431 1537 600 1616 στρατηγοῦ
628 1537 683 1591 τοῦ
705 1527 779 1592 τοτε
801 1529 838 1592 τὸ
861 1527 953 1592 Βελό-
983 1529 1224 1596 inhabitandum
1262 1531 1427 1612 assignare
1465 1527 1588 1596 vellet.2

345 1624 452 1720 γραδον
467 1641 644 1718 κρατοῦντος
659 1624 758 1695 δοῦναι
772 1635 870 1704 αὐτοῖς
885 1631 950 1694 ἑτέ-
980 1631 1123 1714 Curnque
1151 1652 1205 1711 eo,
1236 1651 1319 1715 quae
1350 1652 1433 1698 nuno
1462 1631 1587 1700 Serbliu

345 1760 395 1824 ραν
411 1745 466 1822 γῆν
482 1741 519 1808 εἰς
528 1734 778 1805 νιατασαήνωσιν.ἱ
789 1737 839 1797 καὶ
852 1726 953 1804 ἐπειδὴ
984 1735 1101 1801 dicitur
1115 1745 1150 1803 et
1160 1737 1312 1820 Paganica,
1330 1754 1475 1818 quaeque
1487 1735 1587 1802 Zach-

345 1844 365 1909 ἠ
386 1847 435 1902 νῦν
463 1836 588 1925 Σερβλία
618 1842 668 1901 καὶ
697 1837 838 1927 Παγανία
860 1841 910 1901 καὶ
932 1843 950 1908 ἡ
980 1839 1137 1906 lumorum
1152 1845 1239 1906 terra
1255 1846 1395 1921 vocatur,
1416 1839 1492 1906 item
1509 1840 1584 1906 Ter·

346 1941 545 2030 ὀνορσιζορένη
576 1939 762 2028 Ζαχλοὺμων
789 1941 872 2029 χώρα
902 1945 952 2004 καὶ
982 1945 1079 2010 bunia
1094 1950 1127 2008 et
1143 1943 1359 2011 Canalitarum
1382 1944 1479 2028 regio,
1503 1961 1586 2026 quae

345 2044 504 2134 Τερβσννία
527 2047 577 2109 καὶ
591 2049 611 2116 η’
626 2054 686 2108 τῶν
702 2043 879 2108 Καναλιτῶν
894 2045 951 2109 ὑπὸ
981 2047 1182 2128 imperatorie
1205 2047 1420 2114 Romamrum
1453 2047 1586 2113 dicionis

344 2151 400 2221 τὴν
422 2150 549 2234 ἐξουσίαν
564 2158 619 2212 τοῦ
634 2148 775 2232 βασιλέως
796 2146 950 2237 Ῥωμαίων
980 2159 1081 2229 erant,
1093 2157 1223 2233 propter
1232 2149 1371 2218 Aboram
1383 2152 1585 2218 excursiones

278 2293 281 2300 ι
344 2258 492 2342 ὑπῆρχον,
524 2253 658 2340 ἐγένοντο
692 2247 725 2316 δὲ
755 2257 785 2316 ul
814 2263 951 2317 τοιαῦται
980 2256 1252 2335 descrtceessem,
1265 2256 1417 2338 (expulsis
1433 2255 1506 2321 inde
1522 2255 1585 2320 Ro-

344 2368 436 2446 χῶραι
447 2363 550 2445 ἐρημαι
560 2357 641 2444 παρὰ
657 2367 716 2420 τῶν
733 2355 863 2444 Ἀβάρων
878 2350 947 2446 (ἀπὸ
978 2361 1079 2424 manis
1099 2361 1151 2441 qui
1175 2379 1258 2424 nunc
1281 2359 1472 2425 Dalmatiam
1488 2365 1585 2440 atque

344 2471 405 2526 τῶν
427 2463 518 2525 ἐκεῖσε
539 2460 595 2547 χοὶρ
623 2457 789 2548 Ῥωμάνους
811 2461 879 2534 τοὺς
901 2470 948 2524 νῦν
979 2461 1188 2544 Dyrrachium
1209 2461 1362 2548 incolunt)
1387 2464 1532 2546 regiones
1547 2463 1584 2527 il·

344 2566 515 2652 Δελματίοιν
537 2567 587 2628 καὶ
608 2564 645 2627 τὰ
668 2563 824 2651 Δυρράχιον
841 2569 950 2628 οἰκοῦν·
979 2566 1028 2633 les
1052 2565 1171 2656 Serblis
1201 2565 1390 2633 habitandas
1413 2566 1586 2648 imperator

343 2693 398 2744 τας
418 2663 598 2757 ἀπήλασαν),
621 2670 671 2731 καὶ
692 2669 948 2740 αατεσκήνωσενό
978 2669 1075 2736 dedit.
1572 2663 1577 2676 ⁸

343 2773 475 2858 βασιλεὺς
509 2772 577 2845 τοὺς
607 2772 713 2845 αὐτοὺς
743 2770 886 2859 Σέρβλους
918 2775 948 2836 ἐν

341 2889 407 2953 ταῖς
428 2875 579 2952 τοιαύταις
600 2875 716 2963 χώραις.

430 3019 614 3080 Constantini
630 3018 772 3096 porphyr.
790 3019 827 3079 de
843 3019 1076 3081 administrando
1091 3020 1216 3096 imperio
1231 3038 1256 3081 ο.
1275 3021 1316 3078 32
1332 3036 1361 3096 p.
1381 3020 1517 3080 152-3.
1534 3019 1580 3080 ed.

373 3109 480 3168 -Boum

429 3195 464 3252 lu
479 3193 649 3253 narratione
664 3210 689 3252 c.
708 3195 834 3254 29-32
852 3191 889 3252 de
904 3193 982 3252 adm.
999 3194 1069 3269 imp.
1093 3193 1163 3252 bina
1178 3191 1352 3269 supponitur
1367 3193 1535 3252 Dalmatiae
1552 3201 1580 3252 ot

386 3280 589 3355 contiguarum
605 3279 716 3353 lllyrici
732 3279 966 3353 Pannoniaeque
977 3297 1094 3340 orarum
1107 3279 1275 3355 occupatio:
1292 3278 1515 3354 primoquidem
1529 3297 1582 3354 per

385 3367 501 3426 Avaroe
518 3369 548 3424 et
563 3363 715 3442 slavenos,
732 3367 827 3425 altera
843 3383 896 3441 per
912 3365 1056 3425 Glrroutos
1071 3372 1102 3424 et
1116 3365 1252 3440 herbins,
1278 3370 1402 3438 urnaque
1418 3367 1580 3440 imperante

384 3452 483 3512 adhue
498 3451 636 3510 Heraclio
653 3447 864 3534 (olo-641).
881 3453 927 3511 De
943 3453 1136 3527 occupatione
1153 3452 1246 3527 prima
1261 3451 1337 3510 duae
1353 3452 1518 3511 inseruntur
1534 3469 1579 3510 re-

385 3539 510 3598 lationes
526 3537 567 3616 (v.
584 3554 676 3613 supra
691 3557 736 3597 nr.
756 3542 771 3596 1
790 3545 819 3597 et
836 3539 877 3616 2),
894 3556 997 3614 parum
1014 3539 1052 3598 ah
1068 3540 1191 3624 invicem
1204 3537 1415 3617 discrepantes,
1432 3539 1581 3610 inquibus

384 3625 476 3684 Avari
492 3630 522 3683 et
537 3623 656 3684 Slaveni
672 3616 770 3698 quoad
786 3621 929 3700 originem
946 3624 1161 3684 confunduntur
1184 3623 1306 3683 forsitan
1322 3623 1406 3694 ideo,
1432 3625 1501 3697 quia
1517 3623 1579 3682 Sla-

384 3712 461 3785 veui,
479 3712 528 3784 qui
544 3711 573 3770 in
589 3712 741 3770 Pannonia
755 3711 945 3788 habitabunt,
969 3714 997 3770 in
1010 3711 1176 3770 Avarorum
1191 3710 1321 3770 exercitu
1338 3713 1525 3786 pugnabant,
1550 3715 1581 3769 ci

384 3815 450 3858 cum
466 3796 574 3856 Avaris
589 3798 618 3856 in
634 3799 795 3876 Illyricum,
812 3797 997 3870 Baioariam,
1020 3798 1136 3856 Istriam
1160 3803 1190 3856 et
1215 3797 1340 3855 vicinam
1356 3797 1472 3855 Italiam
1488 3795 1577 3856 hosti·

384 3885 451 3944 liter
474 3884 626 3943 irruebant
648 3879 681 3966 (v
708 3903 751 3944 nr.
771 3883 855 3965 163).
874 3884 957 3956 Quae
980 3875 1095 3945 interim
1120 3883 1157 3943 de
1180 3883 1379 3958 occupationis
1395 3883 1515 3942 huiusce
1532 3901 1579 3942 ru·

383 3971 463 4032 tione
479 3970 673 4046 adducuntur,
689 3989 709 4029 a
725 3971 975 4031 verisimilitudine
991 3971 1067 4030 adeo
1084 3970 1203 4030 dissona
1218 3972 1302 4047 sunt,
1327 3973 1359 4027 ut
1374 3986 1411 4028 ea
1426 3970 1523 4045 potius
1539 3970 1580 4028 ad

382 4057 519 4117 hostilem
534 4057 700 4116 Avarorum
716 4075 876 4133 eorumque
891 4059 1052 4135 sociorum,
1074 4058 1281 4128 Slaveuorum,
1298 4063 1327 4115 in
1342 4056 1520 4116 Dalmatiam
1538 4057 1579 4114 in-

383 4160 497 4222 cursus,
515 4143 565 4217 qui
580 4143 781 4218 superioribus
797 4161 915 4218 quoque
931 4147 1015 4204 annis
1030 4145 1059 4202 in
1075 4144 1170 4203 dictas
1186 4143 1352 4218 provincias
1365 4159 1457 4218 saepe
1473 4159 1579 4202 evene·

383 4233 460 4308 rant,
476 4228 680 4304 rechingeuda
695 4229 748 4308 sit3
777 4230 846 4304 quin
861 4235 959 4289 umen
983 4232 1011 4289 in
1035 4230 1154 4291 dubium
1171 4232 1270 4290 vocari
1287 4229 1397 4306 possit,
1422 4229 1579 4304 quominus

384 4316 556 4375 irruentium
580 4315 772 4375 Slarenorum
793 4317 840 4375 vel
863 4315 1028 4375 Avarorum
1055 4317 1173 4392 agmina
1188 4316 1273 4375 unius
1288 4316 1446 4376 alteriusve
1462 4315 1490 4373 iu
1508 4315 1578 4373 Dal-

381 4401 474 4462 matia
489 4419 559 4460 orae
575 4403 793 4478 possessionem
808 4403 859 4461 illa
874 4402 1027 4462 occasione
1044 4407 1194 4477 caperent.
1211 4403 1348 4462 incursus
1360 4399 1389 4460 hi
1401 4401 1459 4460 iam
1475 4401 1578 4480 primis

380 4487 510 4547 Heraclii
526 4487 640 4565 imperii
656 4489 741 4547 annis
757 4488 785 4546 in
801 4489 939 4563 Europae
946 4535 956 4568 ,
983 4488 1176 4548 occidentalia
1191 4487 1340 4566 inprimis,
1355 4487 1486 4548 themata
1500 4489 1576 4546 acci-

382 4571 453 4634 dere
476 4577 614 4648 poteraut
635 4590 671 4633 eo
693 4574 805 4652 magis,
833 4573 912 4649 qaod
935 4575 1089 4634 universus
1105 4589 1198 4650 prope
1213 4569 1413 4634 Romanorum
1429 4573 1578 4634 exercitus

342 4739 345 4744 Ι
380 4659 568 4722 moenum
583 4660 802 4736 provinciarum
818 4659 981 4720 defensioni
996 4660 1124 4720 intentus
1139 4664 1217 4721 esset
1232 4655 1438 4738 (Theophanis
1453 4659 1574 4720 chrono-
