3494 5410
1349 337 1354 350 '
1396 365 1454 430 ror

229 575 334 652 luerit,
362 575 447 656 ipsas
475 573 598 639 litteras
628 572 762 638 eundem
793 575 913 654 arguat.
948 569 1019 652 Ego
1050 571 1185 652 denique
1215 565 1330 638 Petrus
1360 570 1459 636 sancti

230 677 418 760 Chrisogoni
441 678 540 744 abbas
562 677 669 744 breuis
691 676 806 742 littaris
836 675 916 742 latio
940 675 980 742 de
1003 677 1138 757 quodam
1167 681 1270 742 terrae
1292 675 1326 740 in
1349 693 1460 759 campo

229 783 433 869 Laucarani,1
456 783 496 850 ab
520 783 657 864 ecclesia
678 783 778 850 sancti
800 781 968 848 Laurentii
995 783 1083 865 quasi
1107 799 1219 864 passos
1243 783 1407 866 sexaginta
1427 781 1461 848 iu

228 895 324 971 parta
347 888 541 967 occidentali,
566 907 659 970 quem
681 889 789 954 Dabro
801 939 810 972 ,
832 885 896 952 filio
920 885 1083 970 Niobilori‚
1115 904 1173 970 pro
1197 887 1336 953 remedio
1357 886 1461 968 anime

229 1011 288 1075 suc
311 996 344 1058 in
366 993 459 1059 domo
481 995 582 1060 sancti
604 993 769 1060 Laurentii
784 993 930 1070 offerens,
954 997 1029 1075 post
1044 991 1111 1059 eius
1127 1009 1203 1058 uero
1219 992 1325 1058 obitus
1346 991 1461 1074 Maius,

228 1097 295 1166 filio
309 1098 425 1176 Barba,
442 1098 606 1164 abstracte
621 1117 684 1166 non
699 1100 821 1178 metuit,
838 1099 894 1166 sed
916 1098 1077 1164 abstracta
1099 1095 1328 1178 aliquantulum
1350 1096 1461 1164 uineas

228 1203 346 1270 ibidem
369 1203 430 1268 sibi
452 1203 638 1284 composuit.
662 1203 723 1269 Pro
746 1221 808 1285 qna
834 1221 868 1267 re
885 1221 944 1284 ego
961 1201 1097 1284 quadam
1113 1199 1228 1266 diesin
1246 1201 1461 1283 episcopatum

224 1307 384 1374 iadertine
407 1305 492 1372 sedis
514 1306 647 1372 conueni
670 1313 817 1388 presente
840 1306 966 1373 domino
993 1304 1163 1387 Stephano,
1190 1305 1331 1372 eiusdem
1354 1304 1460 1371 cathe-

228 1413 289 1478 dra
309 1411 480 1490 residente,
504 1416 538 1477 et
560 1409 702 1476 Candido
725 1411 812 1493 prior
834 1418 868 1476 et
888 1409 990 1476 Maius
1014 1409 1109 1476 iudex
1131 1415 1164 1478 et
1185 1409 1257 1476 aliis
1279 1407 1388 1492 plures
1403 1427 1459 1476 no-

225 1515 351 1594 bilibus,
374 1503 604 1597 quoitongum
628 1520 712 1582 esset
734 1533 863 1594 narare;
887 1516 992 1597 ibique
1014 1515 1151 1596 plurima
1171 1519 1245 1579 sont
1266 1520 1458 1595 memorata3

226 1627 261 1686 et
283 1619 368 1702 quod
390 1620 506 1686 iniuste
536 1638 555 1684 a
585 1619 678 1684 domo
710 1619 761 1684 dei
790 1619 896 1686 iuerat
917 1618 1121 1702 abstractum,
1150 1619 1232 1684 iuste
1255 1617 1389 1684 reddere
1410 1625 1461 1684 est

225 1725 409 1798 iudicatum,
440 1729 475 1788 ut
497 1727 600 1788 terras
624 1729 657 1788 et
683 1723 793 1788 uineas
816 1723 857 1788 sit
879 1723 911 1788 in
934 1729 1122 1805 perpetuum
1145 1722 1178 1786 in
1200 1721 1335 1788 ecclesia
1358 1721 1459 1788 sancti

227 1827 398 1894 Laurencii
413 1833 446 1893 et
461 1827 554 1895 nobis
568 1828 748 1909 nostrisque
764 1827 999 1894 successoribus
1013 1826 1248 1908 possidendum.
1271 1824 1341 1891 Hoc
1354 1831 1458 1892 actum

225 1939 276 2000 est
297 1949 403 1998 coram
426 1933 708 2014 supramemorati
730 1937 840 1998 testes.

270 2035 342 2103 Sed
357 2036 495 2114 tandem,
520 2036 626 2104 diuina
649 2037 820 2103 clemencia
839 2035 1013 2117 inspirante
1028 2039 1124 2116 atque
1139 2033 1354 2102 misericordia
1376 2053 1458 2102 oom-

224 2147 341 2220 motus,
365 2140 483 2223 placuit
504 2141 599 2206 michi
621 2141 784 2223 meisquue
807 2139 1029 2218 confratribus,
1053 2145 1089 2205 ut
1103 2142 1189 2222 ipsas
1205 2140 1313 2206 uineas
1330 2141 1370 2207 ad
1389 2142 1458 2225 ipso

225 2245 312 2312 Maio
335 2245 368 2310 in
383 2245 451 2312 uita
466 2255 523 2312 sua
538 2247 606 2311 sina
621 2245 725 2327 aliquo
741 2263 834 2312 censo
853 2245 991 2312 retinere
1007 2245 1222 2324 concedimus3
1246 2251 1320 2327 post
1333 2246 1458 2314 abacos·

224 2369 296 2416 sum
317 2369 396 2416 uero
419 2349 486 2416 eius
509 2352 536 2416 si
558 2351 629 2432 quis
653 2369 692 2418 er
714 2368 772 2416 suo
795 2369 911 2433 genere
934 2369 989 2416 eae
1011 2350 1150 2416 retinere
1173 2349 1319 2429 uoluerit,
1344 2351 1458 2420 reddat

225 2460 340 2537 quarta
360 2455 393 2519 in
423 2454 533 2521 domo³
562 2455 663 2521 sancti
691 2455 866 2520 Laurencii.
901 2453 945 2519 Et
967 2454 1034 2520 hoc·
1056 2459 1163 2520 actum
1189 2459 1240 2519 est
1262 2462 1410 2535 presente
1431 2456 1459 2524 ie

222 2560 379 2627 testibus:
407 2559 547 2641 inprimis
574 2559 675 2624 Fusco
704 2559 855 2638 Brunca*
884 2559 1048 2625 Dominioo
1079 2557 1236 2638 Tichine,⁶
1257 2559 1364 2626 Dabro
1393 2557 1458 2628 lilio

222 2662 386 2744 Niobilori,
410 2663 553 2730 Andreas
574 2662 639 2729 lilio
662 2663 786 2730 diaconi
808 2663 935 2730 Martini
951 2668 985 2730 et
999 2648 1225 2730 Dabranalilio
1248 2663 1336 2729 Petri
1350 2663 1459 2746 Lipe.⁶

312 2789 501 2860 Membrana,
522 2789 564 2848 nti
579 2788 697 2848 videtur
718 2789 792 2864 orig.
817 2789 859 2848 lit.
875 2790 954 2865 long.
971 2789 1001 2848 in
1016 2779 1136 2849 archivo
1159 2787 1333 2864 regnicolari
1349 2789 1458 2866 Zagru-

222 2875 307 2936 biae:
323 2875 398 2935 Acta
412 2880 473 2934 ant.
489 2877 555 2936 doc.
572 2893 616 2935 nr.
634 2875 669 2935 V.

312 2961 384 3022 (lod.
400 2961 470 3038 dipl.
487 2962 569 3022 cab.
585 2962 610 3035 1,
629 2965 701 3022 131.

313 3047 451 3126 Tempus,
468 3066 526 3124 qno
542 3049 596 3109 baa
612 3050 725 3109 litterae
740 3048 835 3108 editas
851 3065 1011 3124 censemus,
1031 3048 1185 3110 deducitur
1200 3065 1219 3108 a
1233 3047 1365 3126 prioratu
1381 3049 1456 3111 Oan-

269 3134 330 3195 didi
346 3139 376 3195 et
390 3135 516 3196 iudicatu
531 3137 610 3197 Maii.
626 3136 662 3197 V.
678 3155 731 3196 nro
748 3153 810 3212 seq.

261 3253 307 3306 ¹i.
326 3267 349 3308 e.
367 3251 532 3309 Lauicanam.
551 3253 584 3309 cf.
603 3253 660 3308 dab.
679 3251 771 3318 louka,
790 3271 813 3308 r.
833 3251 897 3308 slov.
919 3245 1003 3322 didbd,
1030 3251 1254 3321 Lala-arianinu.
1281 3252 1357 3307 Alibi
1380 3253 1459 3324 (cod.

221 3339 289 3410 dipl.
309 3337 386 3394 CSD·
402 3339 436 3409 11,
461 3343 501 3394 12.
521 3343 591 3412 174).
618 3341 790 3411 ,Lucorano,
817 3340 977 3396 Luoorani“.
1005 3339 1147 3409 Lukoran,
1174 3355 1261 3410 pagus
1277 3339 1307 3394 in
1325 3342 1459 3398 communi

221 3427 367 3483 iadertino.
392 3426 531 3482 ldilrlodid:
556 3427 608 3483 Die
627 3428 692 3484 alar.
712 3429 874 3484 Ortonamcn
893 3443 942 3482 ans
960 3427 1157 3496 Appellativen.
1181 3427 1262 3495 1,23.
1286 3427 1321 3495 Il,
1339 3444 1380 3485 nr.
1398 3430 1457 3484 298.

223 3519 234 3548 ²
254 3514 430 3570 correctura:
447 3513 624 3584 remedium).
696 3515 789 3572 ³1nde
807 3532 824 3570 a
843 3515 918 3584 ,mol
938 3515 1041 3584 scripta
1059 3521 1123 3570 sunt
1139 3515 1166 3569 in
1185 3513 1271 3570 altera
1287 3515 1459 3572 membranae

220 3610 303 3674 parte
322 3603 459 3672 scriptura
475 3619 571 3674 pamm
589 3603 701 3672 legibili.
786 3605 795 3634 ⁴
814 3603 940 3659 Forsitan
958 3619 1008 3672 pro
1028 3603 1170 3673 ,braniza,
1194 3604 1320 3659 bransoa.
1349 3603 1388 3658 (ll.
1406 3603 1459 3660 Die

220 3690 342 3760 Bildung
360 3689 407 3744 dar
425 3689 490 3746 slav.
510 3690 754 3746 Personennamcn.
773 3705 813 3746 nr.
834 3694 873 3744 17.
955 3689 966 3721 ⁵
983 3688 1049 3745 ibid
1068 3705 1109 3745 nr.
1128 3693 1187 3748 399.
1207 3691 1319 3760 Tichan,
1337 3695 1457 3749 raldus.

224 3778 295 3833 ‘ot
313 3775 397 3848 Ldpa,
415 3777 547 3849 Lapatia.
565 3777 630 3832 ibid.
649 3793 689 3832 nr.
708 3777 767 3833 206.

797 4056 886 4130 86.

221 4165 244 4226 1.
260 4163 316 4234 llll,
331 4163 343 4224 8
357 4161 468 4224 letorii.

225 4317 394 4384 Oioiiatam
416 4313 596 4384 Dalmatiae
614 4285 781 4402 promissio
810 4317 930 4384 Venetia
957 4318 995 4383 de
1017 4337 1078 4384 noa
1100 4317 1301 4384 admittendis
1322 4319 1357 4382 ia
1379 4315 1459 4384 Dat»

663 4424 792 4488 mutium
813 4421 1014 4488 Normooott's.

265 4561 302 4628 In
324 4563 451 4630 nominc
474 4561 593 4628 domini
623 4561 675 4630 dei
705 4564 806 4630 eterni
835 4569 868 4628 et
896 4562 1063 4630 saluatoris
1093 4559 1194 4630 nostri
1223 4562 1303 4631 Jesu
1326 4559 1455 4629 Christi.

221 4668 313 4736 Anno
336 4669 376 4734 ab
400 4667 615 4736 incarnatione
637 4668 780 4736 eiusdem
802 4668 969 4735 millesimo
992 4661 1087 4754 airxv,
1111 4687 1221 4737 mense
1235 4667 1387 4737 februarii
1403 4665 1456 4734 dia
