3480 5284
1346 503 1394 568 IX

150 711 278 794 quidem
301 730 411 778 eorum
429 730 487 793 per
503 721 680 794 extensum,
698 711 761 777 alia
775 729 850 777 vero
866 711 1046 776 summatim
1060 717 1184 778 unium
1200 714 1396 794 carptimque

147 816 257 882 edidit.
281 815 494 884 collectaneis
509 815 656 881 Luciauis
678 816 728 880 usi
752 821 836 896 sunt
861 833 964 896 eaque
980 817 1069 882 novis
1086 813 1282 882 documentis
1298 817 1394 882 adau-

147 927 264 986 xamnt
285 920 459 1002 scriptores
484 919 618 1002 „lllyrici
643 919 756 984 sacri“.
780 918 900 986 Auctor
923 920 1037 1002 operis,
1065 938 1096 1001 p.
1120 919 1286 1002 Philippus
1302 921 1394 986 Ricc-

146 1025 227 1109 puti,
260 1042 325 1090 non
355 1023 450 1089 modo
473 1023 663 1090 Dalmatiam
695 1040 801 1105 saepe,
833 1041 942 1090 verum
976 1025 1073 1090 etiam
1096 1022 1279 1089 chroatiam
1302 1022 1394 1089 finiti-

146 1146 278 1208 masque
311 1130 459 1211 regiones
495 1127 686 1210 peragravit,
722 1128 914 1192 documenta
946 1128 1065 1194 ibidem
1099 1129 1131 1193 in
1165 1126 1331 1192 tabulariis
1362 1131 1396 1194 et

145 1231 346 1298 bibliothecis
378 1231 511 1314 pubhds
533 1238 567 1297 et
590 1230 720 1312 privatis
751 1230 970 1298 delitescentia
993 1232 1224 1314 exploraturus.
1267 1229 1396 1318 „Crevit

146 1354 253 1400 rernm
279 1335 418 1414 undique
436 1341 658 1416 congestarum
675 1341 709 1399 et
724 1334 869 1400 codicum
884 1335 1116 1418 descriptorum
1134 1354 1227 1418 seges
1243 1343 1276 1402 et
1291 1337 1393 1418 copia,

145 1445 182 1504 ut
204 1438 278 1504 inde
302 1437 444 1506 extiterit
465 1438 658 1505 bibliotheca
681 1438 803 1520 illyrica
822 1457 840 1503 e
857 1439 1084 1520 manuscriptis
1100 1440 1311 1506 voluminibus
1328 1460 1394 1506 am·

147 1542 232 1624 plius
264 1542 417 1610 trecentis
449 1538 611 1608 confecta⁰¹
644 1541 751 1625 (illyr.¹
779 1559 859 1608 sacr.
889 1543 914 1626 1,
945 1541 1045 1624 prael.
1076 1539 1178 1628 XVI).
1221 1543 1333 1626 Neque
1355 1546 1396 1612 ab

148 1646 296 1727 augenda
318 1647 402 1710 mole
425 1647 489 1711 ista
512 1645 635 1712 destitit
657 1645 787 1724 Farlati,
820 1664 915 1728 quum
940 1653 1064 1712 mortuo
1088 1646 1244 1729 Riceputo
1267 1647 1393 1734 (1742),

147 1750 198 1815 cui
221 1750 342 1816 laboris
365 1749 468 1816 socius
492 1757 571 1830 erat,
603 1751 672 1833 ipse
695 1771 777 1834 opus
800 1751 1025 1834 perficiendum
1050 1754 1235 1835 susciperet,
1267 1771 1339 1818 nam
1363 1759 1397 1817 et

148 1854 217 1935 ipse
239 1871 267 1918 a.
290 1859 370 1919 1769
395 1855 498 1920 socios
522 1855 554 1918 in
570 1855 764 1922 Dalmatiam
788 1857 923 1942 emisit,
946 1857 1172 1938 praetermissa
1187 1855 1270 1923 forte
1287 1875 1397 1922 monu-

148 1963 256 2023 menta
279 1958 418 2026 lecturos
443 1957 665 2044 (cccxxvi,
694 1959 777 2046 166).

191 2062 356 2144 Perpanca
388 2063 515 2128 omuino
544 2064 694 2144 periodus
718 2067 870 2146 autiquae
893 2064 1009 2130 dautur
1035 2071 1115 2147 acta,
1141 2083 1223 2146 quae
1245 2065 1335 2131 Lucii
1358 2083 1396 2129 ac

152 2165 298 2248 Riceputi
330 2175 363 2232 et
384 2166 504 2232 Farlati
535 2167 718 2248 diligentiae
741 2171 1019 2254 perspicaciaeque
1041 2169 1196 2251 impervia
1218 2176 1250 2236 et
1272 2170 1394 2235 occulta

149 2277 357 2338 remanerent.
396 2271 496 2338 Immo
528 2277 603 2337 sunt
633 2273 795 2350 nonnulla,
828 2275 972 2354 quamvis
1004 2290 1135 2340 numero
1167 2273 1290 2355 exigua,
1314 2291 1396 2355 quae

148 2373 237 2440 hisce
259 2374 336 2440 viris
359 2391 436 2455 prae
460 2374 604 2441 manibus
628 2382 729 2456 erant,
753 2375 868 2442 abhinc
892 2394 967 2441 vero
987 2377 1184 2442 interierunt.
1209 2376 1269 2442 Ast
1283 2378 1395 2442 horum

150 2478 411 2544 documentorum
436 2478 533 2546 editio
551 2479 691 2546 Luciaua
713 2486 746 2546 ct
762 2480 946 2546 Farlatiana
962 2481 1086 2546 duobus
1102 2481 1271 2563 praecipue
1286 2481 1397 2564 naevis

149 2582 290 2648 laborat:
322 2600 387 2646 non
419 2583 525 2648 omnia
555 2585 704 2648 videlicet
731 2589 804 2650 acta
832 2585 966 2667 integre,
999 2584 1085 2650 nulla
1113 2583 1181 2650 fere
1204 2583 1339 2652 fideliter
1361 2601 1398 2650 ac

149 2691 298 2753 accurate
319 2685 406 2752 edita
428 2692 511 2752 suut.

192 2789 262 2856 Hoc
285 2796 392 2855 temen
415 2808 478 2856 non
502 2790 650 2858 obstante
673 2793 798 2876 integro
823 2811 925 2874 paene
949 2792 1076 2858 saeculo
1100 2793 1220 2858 nullum
1236 2793 1322 2875 apud
1339 2811 1397 2859 nos

151 2912 231 2975 opus
255 2894 286 2957 in
311 2893 412 2960 lucem
436 2894 594 2976 prolatum
618 2904 676 2981 est,
711 2897 796 2978 qnod
829 2899 935 2979 quoad
967 2898 1226 2968 documentorum
1249 2895 1398 2979 amplitu-

152 2997 259 3061 dinem
282 3015 354 3062 cum
378 2997 519 3064 Luciano
542 3005 576 3064 et
598 2997 782 3067 Fbrlatiauo
806 3002 983 3083 comparari
1005 3008 1122 3083 posset,
1147 3001 1246 3066 Immo
1269 3001 1400 3080 quicun-

150 3119 213 3182 que
236 3101 339 3168 serius
363 3101 475 3167 horum
500 3104 761 3170 documentorum
792 3112 914 3187 partem
939 3107 1090 3172 maiorem
1114 3106 1309 3172 minoremve
1333 3104 1398 3170 edi·

150 3207 276 3284 derunt,
301 3206 399 3271 veluti
422 3205 458 3270 A.
482 3207 617 3287 Kritalla
643 3207 672 3273 S.
699 3209 836 3291 Katcna,
861 3210 897 3274 G.
921 3211 1014 3292 Pray‚
1038 3209 1069 3275 J.
1086 3209 1213 3287 Mikcci‚
1239 3208 1276 3274 G.
1293 3208 1398 3294 lejer,

149 3309 263 3376 cadem
286 3329 325 3375 ex
348 3310 500 3392 operibus
520 3312 608 3376 Lucii
633 3317 667 3377 et
689 3312 811 3378 Farlati
834 3313 1032 3379 solummodo
1056 3313 1303 3395 descripserunt.
1328 3312 1398 3377 No-

150 3419 241 3480 stra
275 3415 447 3496 primum
482 3421 619 3494 aetas,
655 3417 809 3484 suscitato
842 3419 875 3483 in
908 3420 1037 3484 natioue
1072 3417 1249 3483 htterarum
1281 3434 1399 3497 amore,

150 3518 368 3599 asperiorique
390 3518 568 3600 patriarum
591 3537 697 3586 rerum
718 3520 833 3601 studio,
857 3521 1032 3602 impensius
1049 3522 1207 3588 tabularia
1223 3521 1398 3605 explorare,

148 3627 342 3703 vetustaque
372 3629 577 3689 monumenta
609 3623 705 3692 edere
728 3625 840 3707 eoepit.
883 3626 933 3692 Ad
956 3625 1135 3708 colligenda
1157 3626 1400 3705 accuratiusque

149 3724 312 3810 vulganda
334 3728 465 3810 antiqua
481 3728 551 3794 'illa
583 3733 779 3810 aetateque
802 3731 925 3796 animus
948 3730 1087 3798 directus
1109 3737 1176 3807 est3
1209 3729 1259 3794 cui
1282 3747 1399 3811 operae
1514 3779 1515 3782 ,

151 3836 217 3896 tum
243 3829 303 3894 viri
327 3831 444 3914 singuli
467 3835 534 3896 tum
556 3833 702 3900 eruditae
725 3833 896 3900 societates
919 3853 981 3899 non
1006 3851 1117 3916 parum
1141 3832 1340 3899 insudarunt.
1371 3831 1400 3898 E

151 3933 289 4002 caeteris
313 3935 397 4000 docti
422 3939 518 4017 atque
542 3935 581 4000 de
605 3935 808 4021 archeologia
837 3937 1008 4004 dalmatica
1030 3939 1149 4020 optime
1173 3937 1279 4002 meriti
1300 3935 1400 4001 Frau-

151 4039 227 4104 cisci
251 4036 388 4104 Carrara
409 4038 461 4104 hic
484 4040 544 4104 loci
568 4040 752 4106 meminisse
775 4041 874 4121 iuvat,
898 4042 951 4122 qni
975 4047 1047 4106 acta
1069 4039 1187 4106 archivi
1210 4039 1401 4123 spalatensis

152 4144 295 4226 capituli,
319 4161 416 4225 quum
432 4143 577 4211 Viennae
600 4145 632 4210 in
653 4145 811 4211 tabulario
828 4146 932 4212 aulico
948 4151 1068 4223 esseut,
1093 4145 1276 4228 diligentius
1292 4145 1401 4226 explo-

152 4247 244 4326 ravit,
270 4255 367 4330 atque
391 4250 472 4314 inter
495 4249 620 4329 reliqua
643 4250 740 4314 etiam
763 4250 934 4332 registrum
958 4250 1032 4315 olim
1056 4247 1241 4316 monasterii
1265 4267 1289 4314 s.
1314 4248 1402 4315 Petri

154 4372 173 4418 e
196 4351 344 4434 praelato
368 4353 477 4418 codice
500 4353 620 4434 publici
644 4353 721 4419 iuris
744 4351 820 4420 fecit
836 4353 959 4438 (1844).
983 4353 1101 4418 Verum
1125 4369 1234 4418 omnes
1250 4353 1403 4436 temporis

153 4458 257 4522 nostri
288 4457 412 4538 patriae
441 4457 594 4523 historiae
626 4457 766 4524 cultores
798 4459 828 4522 in
860 4458 1045 4540 colligendis
1074 4456 1270 4539 edendisqua
1294 4475 1402 4523 monu-

158 4563 276 4628 mentis
300 4562 394 4645 lnnge
410 4567 540 4644 superat
555 4561 696 4628 loannes
711 4561 901 4644 Knknljevit
917 4563 957 4628 de
974 4559 1091 4628 Saecis.
1116 4561 1207 4641 Quod
1224 4561 1405 4646 singulatim

158 4674 235 4732 acta
257 4672 366 4732 nostra
389 4665 519 4744 adtinet,
551 4665 619 4748 ipse
649 4667 759 4732 eadem
790 4668 888 4733 semel
916 4687 954 4732 ac
976 4669 1090 4733 iterum
1115 4667 1223 4746 (1864,
1251 4669 1346 4745 1856)
1368 4666 1400 4730 in

161 4770 327 4838 tabulariis
357 4769 534 4838 dalmaticis
556 4770 722 4856 consuluit,
754 4779 850 4854 atquo
881 4771 976 4838 etiam
1009 4790 1066 4854 per
1088 4771 1244 4838 loannem
1268 4769 1401 4837 Tkaltic
