3604 5276
1398 372 1456 434 311

262 588 432 651 Dalmatiae
448 543 533 664 perte
549 585 710 661 chroatiae,
729 589 828 645 textus
839 586 903 660 ipse
913 585 1009 646 docet.
1022 584 1142 656 Paulus,
1156 583 1206 658 qui
1220 580 1300 657 „dux
1309 581 1457 641 tenurae*

261 677 387 752 dictur,
411 675 441 734 in
463 673 588 734 eandem
603 672 800 732 verisimiliter
823 672 943 732 devenit
958 671 996 731 ad
1012 671 1117 731 ducem
1133 669 1366 729 foroiuliensaem
1382 667 1459 726 rela-

264 760 384 838 tionem,
401 761 431 819 iu
446 777 506 836 qua
520 779 549 819 v.
567 777 590 821 o.
608 759 713 819 Istriae
729 758 789 817 dux
804 764 879 817 erat.

265 885 270 906 ¹
286 875 447 944 Tlrionrille‚
466 875 663 931 DIedenhofen.
754 877 765 907 ²
783 874 923 930 wilharius
940 875 958 928 i.
978 889 1000 928 a.
1020 872 1192 942 ObeIIIeriue,
1211 872 1265 928 dux
1284 871 1460 926 Venetiarum

224 978 278 1019 une
293 981 352 1021 arm
370 964 547 1022 reauferre
565 961 660 1018 Beato.
733 963 743 993 ³
761 960 951 1018 dalmatiarum
968 962 986 1018 i.
1005 977 1029 1018 e.
1051 960 1203 1016 llalmatiaa
1221 959 1335 1013 urbium

826 1195 855 1256 9·
976 1201 977 1208 ,

222 1279 245 1340 l.
261 1279 307 1340 tlt.

493 1399 608 1464 Gracci
630 1397 826 1463 Dalmatiam
848 1417 1033 1481 recuperare
1055 1396 1189 1461 studeat.

269 1519 389 1587 Classis
409 1541 429 1588 a
448 1521 591 1590 Niciloro
614 1524 823 1603 imperatore,
848 1520 898 1588 cui
920 1518 1035 1586 Niceta
1056 1517 1206 1600 patricius
1229 1524 1394 1601 praeerat,
1420 1517 1461 1583 ad

224 1627 472 1708 recuperandam
493 1627 685 1694 Dalmatiam
706 1626 852 1693 mittitur.

308 1751 451 1812 DInhardi
466 1753 563 1813 annal.
580 1752 619 1812 ad
635 1769 662 1810 a.
681 1753 752 1811 806.
770 1750 845 1812 loiri.

269 1887 349 1952 Post
377 1885 507 1966 aliquod
536 1905 612 1954 vero
643 1893 768 1968 tempus
797 1886 992 1952 Fortunatus
1022 1883 1203 1967 patriarcha
1225 1903 1296 1951 curn
1320 1885 1462 1955 Christo-

222 1989 323 2074 phoro
354 1989 502 2073 episcopo
536 1989 739 2076 (olivolensi)
771 1990 811 2056 de
839 1991 975 2056 Francia
1007 1991 1201 2071 repedavit¹
1239 1989 1361 2068 Quibus
1391 2012 1463 2060 oum

221 2093 271 2161 faa
305 2112 369 2160 non
402 2100 489 2162 esset
515 2093 688 2161 Veneciam
720 2100 906 2177 penetrare,
939 2094 972 2158 in
1005 2093 1107 2160 sancti
1141 2091 1282 2176 inriani
1316 2096 1461 2174 ecclesia,

221 2199 317 2281 plebe
346 2189 469 2266 scilcet
497 2198 646 2264 altinatis
676 2198 845 2280 episcopii,
878 2216 959 2279 quae
989 2197 1069 2264 scita
1099 2203 1149 2264 est
1178 2199 1262 2280 apud
1285 2199 1463 2266 Mistrinam

225 2303 384 2386 silasne),
408 2303 538 2386 ospItati
561 2308 594 2369 et
616 2302 753 2384 aliquam
778 2302 832 2367 diu
854 2301 1036 2368 commorati
1049 2307 1145 2366 sunt.
1164 2352 1196 2367 ..
1225 2303 1329 2384 Igitur
1350 2304 1463 2371 Fortu·

222 2413 316 2474 natus
345 2406 526 2488 patriarcha
556 2424 626 2472 cum
657 2425 715 2489 per
738 2405 900 2487 aliquante
922 2411 1101 2486 temporum
1124 2405 1231 2486 spacia
1254 2407 1324 2475 exul
1348 2425 1368 2473 a
1390 2427 1464 2489 pro-

222 2511 291 2594 pria
322 2511 398 2577 sede
426 2517 589 2594 maneret,
620 2509 816 2577 Gradcnsem
845 2508 1004 2592 disposuit
1031 2509 1232 2590 reciprocare
1262 2511 1382 2576 urbem.
1421 2511 1465 2576 Et

222 2615 296 2696 quia
319 2613 412 2681 valde
433 2613 565 2681 Nicetae
588 2613 712 2694 patricii
744 2612 914 2679 adventurn
946 2613 1138 2696 praestolari
1169 2611 1377 2694 formidabat,
1409 2615 1464 2696 qui

222 2723 299 2788 tunc
327 2718 443 2783 missus
468 2717 509 2782 ab
539 2719 731 2798 imperatore
761 2734 831 2780 curn
863 2717 1001 2783 exercitu
1031 2717 1064 2780 in
1096 2721 1206 2797 partes
1228 2716 1463 2783 Dalmatiarum

7 2829 10 2848 '
97 2871 100 2874 -
224 2828 320 2905 atque
341 2821 551 2887 veneciarum
582 2818 745 2898 veniebat,
778 2819 890 2885 relicta
918 2820 994 2886 sede
1017 2823 1050 2885 et
1072 2819 1200 2906 propriu
1222 2821 1317 2897 urbe,
1349 2821 1462 2888 iterum

221 2924 388 2992 Franciam
410 2921 532 3006 petiit.²

309 3049 468 3111 Iohannis:
485 3047 651 3109 Chronicon
667 3052 814 3107 venetum.
839 3049 926 3106 Perta
941 3047 993 3118 lx,
1013 3049 1062 3108 14.
1087 3047 1162 3108 Vide
1178 3047 1316 3109 Andreae
1331 3049 1461 3108 Danduli

266 3135 426 3196 chronicon
441 3139 579 3195 venetum
595 3151 643 3210 ap.
662 3133 821 3193 Muratori:
838 3133 944 3209 Script.
961 3151 1018 3193 rer.
1035 3133 1098 3193 ital.
1115 3133 1181 3211 XII,
1200 3135 1273 3194 257.

263 3252 271 3284 ¹
289 3252 321 3306 V.
340 3267 414 3322 supr.
433 3267 460 3321 p.
479 3255 540 3307 304.
612 3252 623 3282 ²
640 3251 741 3306 Exstat
759 3249 875 3320 epistola
891 3265 980 3318 papae
998 3249 1100 3305 Leonis
1112 3249 1152 3304 III
1171 3249 1205 3305 ad
1219 3250 1345 3305 Carolum
1364 3251 1466 3318 (Mansi

222 3338 298 3408 XIII,
317 3339 382 3408 975)
400 3355 426 3394 a.
444 3341 504 3408 806,
523 3353 577 3407 qna
594 3352 668 3407 papa
686 3336 850 3405 assentitur,
876 3341 907 3389 ut
923 3335 1075 3391 Fortunato
1103 3336 1308 3405 archiepiscopo
1326 3335 1467 3404 (tradenti,

222 3425 411 3482 etlreeuia
436 3424 657 3494 VenetIsque
683 3424 799 3493 pulso,
828 3423 944 3478 ecclesia
966 3420 1071 3478 Potane
1096 3423 1136 3491 (in
1159 3423 1254 3490 latria)
1279 3422 1416 3478 tibuatur
1434 3437 1467 3479 ea

204 3514 291 3583 ‚lepre¹
310 3518 342 3567 ut
359 3513 383 3569 ai
402 3511 510 3581 quando
527 3517 646 3568 veterem
663 3509 806 3567 ecclesiam
824 3509 968 3578 receperit,
987 3507 1117 3564 Polanam
1136 3508 1264 3564 dimittet.

824 3725 871 3784 10.

227 3813 250 3875 l.
265 3814 309 3874 lii.

230 3947 336 4015 Veneti
363 3949 407 4014 ad
427 3949 528 4032 fidem
559 3969 634 4032 erpa
666 3945 816 4011 orientale
838 3943 1052 4008 Rornanorum
1074 3944 1240 4026 iraparr‘um
1262 3941 1465 4005 reducunt-ar.

245 4069 381 4138 ⁴Iliceta
402 4069 574 4152 patricius,
604 4069 658 4149 qui
689 4065 885 4132 cumulasse
909 4062 1254 4142 constantinopolitana
1278 4060 1412 4126 sedabat
1435 4060 1467 4123 in

223 4173 372 4253 Venetia
397 4190 476 4255 pace
499 4171 584 4238 lacta
606 4189 677 4236 cum
692 4169 829 4252 Pippino
850 4185 934 4249 rege,
959 4170 992 4230 et
1006 4164 1137 4231 ludmila
1153 4183 1254 4246 usque
1269 4162 1309 4230 ad
1325 4179 1467 4228 mensem

102 4307 107 4315 ·
224 4276 404 4362 Augustum
420 4275 608 4354 constitutis,
626 4273 764 4340 statione
780 4271 887 4338 soluta
900 4267 1209 4351 Constantinopolim
1225 4287 1390 4350 regressus
1406 4272 1465 4333 cst.

309 4399 453 4460 Dinlrardi
468 4400 592 4460 annales
606 4398 705 4458 Portu.
723 4397 748 4475 1,
767 4399 838 4457 194.

266 4509 447 4602 Obelicrius
469 4532 625 4614 siquidem
641 4531 705 4599 dux
720 4551 779 4614 per
793 4529 938 4596 Nicetam
956 4527 1123 4612 patricium
1140 4525 1292 4608 spatharii
1308 4525 1461 4591 honorem

225 4637 375 4722 succepit.
398 4635 519 4704 Beatus
542 4654 618 4704 vero
640 4635 740 4703 frater
762 4633 841 4710 eius,
865 4651 935 4700 cum
956 4631 1099 4716 predicto
1114 4631 1227 4697 Niceta
1242 4627 1464 4696 Constantino·
