3604 5276
1437 401 1500 462 357

132 599 140 615 '
258 611 341 675 cosia
363 608 494 674 eosdem
516 607 724 674 dimicaturus
748 609 855 674 adivit.
881 607 1024 690 Cumque
1048 607 1102 673 diu
1116 608 1200 674 inter
1214 625 1284 674 sese
1301 605 1501 670 decertantes

259 711 427 778 Sarraceni
450 713 592 794 superati
615 713 813 788 cecidissent,
838 712 982 778 Venetici
1005 713 1140 778 victores
1164 711 1286 777 reuersi
1309 717 1391 776 sunt.

304 817 433 882 Interea
455 816 548 882 Baris
573 816 684 881 civitas
709 816 814 881 domui
831 817 993 900 Ludovici,
1018 818 1102 898 regis
1119 817 1312 881 Francorum
1330 822 1364 880 et
1378 815 1503 898 Lougo-

258 921 440 998 bardorum,
464 919 504 984 ab
521 922 662 985 exercitu
679 929 774 1000 carita
789 928 855 998 est,
880 939 975 1002 quam
992 921 1141 985 uidelicet
1156 919 1325 1004 civitatem,
1349 919 1502 985 Bandone

261 1025 402 1091 eiusdem
426 1024 562 1089 civitatis
592 1024 750 1105 gastaldio
781 1031 913 1106 agente,
952 1023 1200 1090 Sarracenorum
1221 1043 1299 1106 gens
1322 1043 1380 1106 per
1403 1041 1503 1089 annos

263 1130 387 1194 circiter
408 1129 556 1212 triginta¹
581 1136 750 1194 tenuerunt
792 1128 967 1211 Trigesimo
992 1131 1092 1210 primo
1116 1147 1213 1194 auno.
1246 1129 1353 1193 divina
1375 1128 1502 1195 favente

260 1235 374 1318 gratia,
400 1232 526 1298 reddita
551 1238 602 1296 est
623 1233 686 1297 illis
709 1233 867 1315 irripietas,
892 1251 985 1314 quam
1010 1231 1191 1298 christianis
1213 1233 1334 1298 ciuibus
1358 1233 1431 1299 olim
1454 1233 1500 1298 in-

257 1338 406 1403 tulerant.
432 1334 536 1418 Capta
559 1343 610 1402 est
632 1343 737 1401 autem
763 1343 875 1418 quarto
900 1356 1000 1402 nonas
1015 1336 1218 1414 Februariae,
1244 1355 1307 1417 qua
1323 1338 1374 1404 die
1389 1343 1498 1404 sancte

258 1441 307 1508 dei
331 1442 493 1524 genitricis
518 1439 650 1522 uirginis
674 1439 797 1506 Mariae
820 1439 998 1523 purificatio
1022 1440 1210 1507 celebratur.

342 1565 485 1625 iohannis
503 1564 603 1625 ebron.
620 1571 717 1628 venet.
735 1567 821 1624 Pertr
838 1565 889 1627 SS.
906 1566 973 1637 VII,
993 1569 1040 1626 19.

340 1653 461 1711 Barium
484 1653 541 1710 iam
565 1670 593 1712 a.
612 1655 684 1726 867,
709 1657 769 1711 tum
795 1653 898 1711 iterum
923 1671 950 1712 a.
969 1655 1031 1712 869
1048 1651 1201 1712 obsidione
1218 1653 1343 1711 cinctum
1360 1659 1413 1713 ast.
1443 1652 1495 1712 Sa-

303 1740 401 1814 quenti
428 1756 498 1798 vero
523 1757 599 1798 anno
623 1739 726 1797 maiori
749 1739 855 1797 robore
878 1739 917 1798 ab
940 1740 1070 1798 exercitu
1087 1738 1433 1816 franco-langobardico,
1450 1740 1496 1798 cui

299 1825 495 1884 adiunxerant
522 1842 554 1884 se
580 1825 668 1884 ctiam
695 1825 853 1883 auxiliares
882 1826 985 1900 copiae
1006 1825 1241 1884 Dalmatinorum
1262 1829 1291 1884 et
1304 1823 1498 1884 chroatorum

299 1913 348 1987 qui
365 1927 533 1985 supremum
550 1911 690 1969 Ludovici
705 1909 861 1968 dominium
875 1913 1085 1988 agnoscebant,
1103 1911 1303 1980 omittebatur,
1321 1911 1499 1986 tandemque

299 1999 347 2058 dia
365 1999 382 2055 2
400 1997 539 2056 februarii
556 2000 673 2072 captum
690 2002 744 2055 est.
773 1996 848 2055 Vide
873 1999 971 2058 annal.
994 1999 1156 2056 Benouout.
1181 1997 1219 2054 ad
1245 2016 1271 2058 a.
1291 1999 1352 2056 871
1379 1996 1497 2074 (Pertzz

299 2083 405 2158 Script.
422 2083 477 2158 III,
497 2079 581 2160 174),
610 2081 748 2142 Andreae
772 2083 957 2158 Bergomatis
981 2083 1080 2144 chron.
1099 2103 1114 2143 c
1146 2087 1182 2142 15
1200 2085 1251 2160 tib.
1270 2084 1323 2164 111,
1342 2085 1426 2160 236),
1443 2085 1498 2142 Er·

297 2169 458 2243 cbemperti
474 2169 576 2228 histor.
593 2169 718 2244 Langob
746 2187 771 2230 u.
789 2171 828 2228 33
846 2169 898 2246 (ib.
915 2170 969 2248 111,
988 2171 1073 2246 232),
1090 2171 1219 2228 chronio.
1240 2169 1392 2228 Benedicti
1409 2169 1494 2247 (ibid.

298 2257 350 2332 111,
370 2253 457 2334 205).
483 2257 529 2314 Da
544 2255 779 2314 Dalmatinorum
796 2259 825 2314 et
841 2255 1035 2316 chroatorum
1052 2257 1160 2314 auxilio
1177 2255 1268 2315 refert
1285 2260 1403 2330 praeter
1419 2254 1496 2316 Con-

297 2346 385 2402 stant.
404 2340 546 2416 porphyr.
565 2342 619 2399 loc.
637 2341 684 2403 eit,
704 2341 746 2420 (v.
765 2359 793 2414 p.
811 2342 873 2400 346
887 2339 941 2420 ss.)
952 2341 1014 2417 ipse
1023 2343 1364 2417 hudovicusInapistola
1373 2342 1444 2401 data
1459 2343 1498 2402 ad

294 2429 363 2503 imp.
381 2427 530 2488 Basilium.
560 2427 594 2486 V.
610 2427 688 2486 inira
704 2445 731 2503 p.
750 2429 822 2487 362.
840 2427 885 2486 Ex
901 2427 1005 2487 cadem
1021 2429 1156 2503 epistota,
1180 2447 1234 2488 nec
1250 2446 1308 2486 non
1324 2447 1341 2488 e
1357 2428 1495 2490 chronico

295 2513 473 2574 salernitano
488 2531 512 2574 c.
530 2515 589 2572 107
604 2511 715 2591 (Perta.
733 2513 784 2574 SS.
802 2512 903 2574 Germ.
920 2514 975 2593 111,
992 2516 1064 2575 521.
1082 2513 1158 2592 527)
1174 2517 1278 2591 clucet,
1295 2515 1427 2578 Graecos
1439 2533 1498 2574 uon

292 2602 414 2660 multum
430 2600 553 2659 Francia
569 2601 598 2659 iu
615 2599 819 2676 recuperando
836 2599 924 2660 Bauio
940 2600 1108 2661 adiuvasse.

289 2717 335 2773 ¹1.
355 2733 378 2773 a.
397 2718 432 2774 ab
451 2733 523 2774 auno
541 2719 601 2773 841.
620 2715 653 2772 V.
672 2733 747 2786 supr.
766 2733 791 2786 p.
811 2719 943 2774 ste-54.

809 3013 941 3086 180.

252 3169 465 3255 Balgarorum
489 3191 557 3236 cum
581 3170 764 3236 Pannoniae
786 3170 890 3234 staats
912 3171 1050 3253 societas,
1078 3191 1146 3234 crarta
1169 3169 1274 3234 Sardis
1297 3177 1324 3233 ct
1351 3167 1496 3234 Obroatis

776 3276 966 3340 inimicitiae.

858 3522 885 3581 Ι.

256 3651 468 3738 Bnlqarornm
484 3661 512 3718 at
527 3656 740 3738 contiguorum
753 3655 916 3730 Stoa-orum
932 3657 1221 3740 (pertremendum)
1238 3655 1281 3719 ud
1297 3654 1495 3721 Francorum

461 3759 625 3842 imperium
648 3761 748 3822 antico
769 3763 907 3842 primurn
931 3768 995 3823 tutu
1018 3760 1139 3823 hostilis
1163 3761 1282 3824 relatio.

295 3879 336 3942 A.
362 3879 437 3942 845.
470 3879 693 3964 (Hludouicus)
719 3887 862 3960 tempore
885 3881 1028 3945 autumni
1051 3882 1082 3945 in
1107 3879 1241 3946 Saxonis
1266 3881 1351 3960 apud
1374 3879 1494 3946 Padra-

254 3983 403 4050 brunnon
432 3983 582 4064 generale
612 3983 762 4065 placitum
787 3984 916 4062 babuit,
951 3984 1005 4049 ubi
1029 3983 1161 4049 fratrum
1186 4001 1313 4048 suorum
1337 3989 1370 4049 et
1389 3983 1492 4051 Nord-

252 4105 458 4166 mannorum,
494 4085 678 4153 Sclavorum
703 4106 829 4170 quoque
853 4099 886 4154 et
908 4088 1120 4170 Bulgarorurn
1143 4087 1320 4168 legationes
1343 4089 1491 4172 suscepit,

250 4189 371 4255 audiuit
393 4195 426 4256 et
448 4189 593 4256 absolvit.

338 4313 475 4374 Ruodolfi
491 4315 563 4375 fuid.
580 4318 701 4376 annales
718 4315 754 4374 ad
772 4337 798 4375 a.
817 4317 889 4376 645.
907 4317 993 4375 Perta
1010 4317 1088 4374 bion.
1106 4313 1205 4377 Germ.
1221 4315 1272 4375 SS.
1289 4316 1313 4394 1,
1331 4317 1404 4375 364.

293 4469 334 4534 A.
361 4469 435 4532 852.
467 4469 586 4535 Habita
608 4477 658 4536 est
679 4477 784 4535 autem
809 4475 842 4534 et
865 4469 1005 4550 synodus
1029 4489 1066 4535 ex
1090 4470 1255 4535 voluntate
1281 4473 1378 4548 atqua
1400 4487 1491 4549 prae-

251 4582 343 4658 cepto
361 4574 502 4640 eiusdem
520 4575 714 4639 serenissimi
732 4574 880 4654 principis
898 4573 1100 4656 (Htudouici)
1116 4575 1148 4638 iu
1165 4575 1293 4638 civitate
1315 4572 1491 4655 Mogontia,

250 4679 419 4763 metropoli
453 4677 661 4758 Germaniae,
699 4679 902 4760 [incendente
935 4678 1106 4756 Rhabauo,
1142 4675 1315 4744 venerabili
1348 4677 1491 4745 eiusdem
