3604 5276
370 393 433 465 Μ

369 598 508 666 duraret
541 595 689 664 Testibus
712 601 773 662 etc.
803 596 916 662 Actum
938 596 970 662 in
994 595 1157 662 Pannonia
1179 595 1335 678 siquidem
1358 595 1418 662 snb
1440 595 1492 664 die
1513 595 1599 678 quod
1716 592 1731 624 ⁸

366 709 417 769 est
438 725 489 768 mr
511 719 610 768 nonas
633 701 723 767 iulias
746 718 828 768 anno
854 701 1038 768 beatissimo
1061 700 1237 766 Hludcuico
1254 719 1385 783 regnum
1400 701 1598 784 gubernante

365 813 500 892 augusto
523 830 553 892 v,
577 806 747 873 indictione
770 829 827 884 xn,
850 806 925 871 luna
945 829 1014 870 vm.

456 901 673 992 resonasset:
697 929 827 990 Historia
842 929 1046 1006 rarsragaaea.
1071 929 1223 1006 ragusae
1240 929 1347 992 vanari.
1367 932 1458 990 ruer.
1483 931 1507 1009 1,
1524 932 1598 992 are.

410 1036 455 1078 nr.
473 1020 544 1082 668.
563 1017 635 1078 (lod.
652 1016 724 1092 dipl.
740 1015 822 1076 cst).
841 1017 864 1095 Ι,
881 1017 954 1078 209.

404 1133 602 1204 ¹srisingenrir
621 1134 779 1204 (elo—834,
807 1133 885 1203 dec).
976 1136 1079 1189 ’error
1103 1131 1161 1188 loco
1186 1133 1328 1202 ,manile“,
1354 1135 1399 1188 ein
1426 1133 1522 1190 Gelbas
1548 1149 1599 1189 aur

367 1221 613 1292 Hirschgeueiben.
668 1221 862 1306 ³versimiliter
873 1235 923 1293 pro
938 1221 1150 1290 ,armamiator“,
1164 1222 1327 1277 armarariur
1337 1220 1598 1290 (Wadenschmiedl

369 1310 548 1380 ‘Friaingae

410 1431 503 1498 Aristo
517 1429 593 1498 820.
608 1431 718 1500 Mense
730 1431 882 1500 ianuario
894 1451 967 1500 con·
1040 1433 1077 1498 ln
1114 1433 1226 1500 eodem
1262 1399 1382 1515 palatio
1418 1431 1596 1521 (aquensi),

367 1537 972 1622 ventusibidern(dquisgrani)habitus,
1001 1536 1102 1604 bieme
1134 1538 1390 1622 superveniente,
1429 1539 1600 1620 imperator

365 1641 399 1708 in
414 1660 476 1724 quo
489 1642 529 1708 de
541 1641 705 1712 Lindewiti
722 1640 899 1708 delectione
915 1641 970 1708 de·
1000 1641 1170 1708 coadunari
1177 1639 1367 1724 populilecit
1377 1641 1599 1724 frequentiam.

366 1746 535 1814 liberatum
557 1753 624 1827 ost,
658 1752 694 1812 ut
722 1753 789 1812 tres
811 1747 968 1814 exereitus
998 1744 1067 1823 Quo
1096 1752 1238 1828 tempore
1268 1745 1375 1812 Bonna
1405 1745 1445 1812 de
1470 1745 1600 1812 infesta·

367 1850 460 1918 simul
490 1867 528 1915 ex
558 1851 660 1916 tribus
683 1849 827 1933 portibus
849 1850 891 1915 ad
913 1849 969 1915 de·
998 1849 1247 1916 tioneLiudeviti
1257 1855 1457 1933 conquestus,
1467 1867 1598 1933 magnas

367 1955 552 2024 vasundam
581 1955 651 2022 eius
680 1954 843 2038 regionem
871 1959 967 2036 atque
997 1955 1037 2020 ab
1068 1955 1259 2037 imperatore
1281 1956 1422 2036 suscepit
1450 1955 1599 2022 affluwrii

369 2059 857 2141 ipsiusaudaciarncoerrendam
865 2058 969 2126 mitte·
1000 2059 1117 2140 copias,
1134 2077 1217 2141 quae
1232 2065 1348 2126 terram
1363 2059 1448 2126 illius
1460 2065 1600 2126 atterere

368 2170 486 2231 rentur.
513 2163 620 2229 Borna
641 2181 767 2245 qnoque
789 2164 889 2246 primo
912 2181 970 2246 per
1000 2168 1139 2245 possent.
1183 2165 1271 2243 Quae
1307 2163 1391 2229 trina
1427 2164 1600 2247 partitione

368 2268 501 2352 legatos,
519 2267 633 2335 deinde
649 2269 718 2350 ipse
733 2269 871 2348 ueniens,
895 2269 972 2351 quid
1001 2268 1130 2348 divisae,
1154 2269 1254 2350 primo
1277 2287 1352 2336 vere
1370 2274 1486 2335 terram
1510 2269 1601 2336 ditio-

367 2373 428 2440 sibi
461 2372 546 2439 facto
581 2391 660 2456 opus
695 2389 766 2454 esse
799 2373 970 2456 videretur,
1001 2374 1050 2438 nis
1073 2373 1158 2438 illius
1181 2372 1265 2440 ferro
1286 2380 1322 2439 et
1343 2373 1409 2457 igni
1429 2391 1513 2455 pene
1534 2391 1602 2440 onn-

367 2477 536 2561 suggessit.
998 2493 1071 2542 nem
1093 2483 1316 2558 vastaverunt,
1343 2479 1413 2560 ipso
1433 2477 1602 2544 Liuderito

411 2581 586 2649 Tmnsactu
614 2581 735 2663 hierna,
767 2589 804 2647 ut
833 2581 968 2664 primum
999 2580 1122 2648 rastelli
1160 2581 1321 2648 cuiusdam
1363 2581 1528 2649 altitudine
1566 2599 1601 2650 se

367 2687 468 2754 herba
483 2686 633 2770 pabulum
649 2688 797 2753 iumentis
816 2685 970 2768 praebere
999 2691 1187 2770 protegente
1210 2693 1244 2751 et
1258 2705 1316 2753 nec
1332 2685 1373 2752 ad
1388 2705 1526 2770 pugnarn
1543 2705 1602 2753 nec

367 2793 487 2875 potuit,
519 2797 586 2859 tres
608 2792 653 2858 illi
675 2793 829 2859 exercitus
860 2797 971 2857 contra
1001 2791 1042 2858 ad
1054 2790 1252 2873 conloquium
1263 2791 1463 2874 procedente.
1480 2789 1601 2871 Quibus

367 2888 578 2965 Liudeuitum
614 2899 792 2964 mittuntur.
831 2895 971 2974 Quorum
1000 2897 1137 2963 reversis
1159 2897 1302 2984 domum,
1325 2895 1545 2964 Oarniolenses
1567 2904 1602 2964 et

367 3021 448 3070 unus
464 3003 504 3070 de
519 3003 611 3068 ltalia
625 3022 684 3085 per
698 3002 795 3085 alpes
810 3001 970 3083 Noricos,¹
1001 3002 1128 3085 quidam
1166 3001 1431 3083 carantanorum,
1469 3003 1523 3085 qui
1559 3003 1602 3069 ad

368 3107 450 3175 alter
480 3127 537 3191 per
562 3106 814 3174 Cnantanorum
844 3108 970 3190 provin·
1000 3107 1202 3174 Liudevitnm
1224 3125 1260 3173 se
1281 3107 1494 3191 contulerant,
1524 3107 1601 3172 Bal·

366 3211 464 3298 uam,
495 3213 613 3280 tercius
645 3231 703 3294 per
731 3211 912 3279 Baioariam
938 3218 972 3279 et
1001 3212 1087 3279 drico
1102 3216 1212 3279 nostro
1228 3211 1301 3279 duci
1311 3211 1600 3278 manusdcderunt.

366 3317 562 3386 Pannoniam
595 3319 790 3402 superiorem
823 3317 968 3383 intravit:
1087 3357 1156 3417 Vita
1170 3356 1326 3418 ffludovioi
1341 3374 1368 3418 0·
1385 3359 1436 3418 33·
1458 3357 1545 3418 pem
1559 3357 1600 3434 Πἱ

366 3428 399 3491 et
422 3424 484 3491 duo
507 3422 649 3506 qudem,
673 3423 707 3488 id
728 3427 779 3491 est
800 3423 910 3489 dexter
932 3441 970 3488 ac
1044 3446 1115 3506 325,

367 3528 505 3609 sinister,
529 3528 651 3594 tardius
666 3525 801 3612 ingrcssi
824 3534 906 3606 sunt,
931 3547 969 3594 eo

369 3634 456 3716 quod
477 3651 559 3700 unus
580 3631 706 3726 Alpiurn
730 3633 874 3712 transitu,
899 3633 1034 3699 hostium
1050 3653 1143 3699 manu
1161 3634 1336 3713 resistente,
1360 3633 1599 3715 prohibebatur,

369 3737 451 3804 alter
481 3743 515 3804 at
543 3737 740 3822 longitudine
770 3737 892 3805 itineris
923 3744 956 3804 et
986 3739 1091 3805 Dravo
1121 3737 1248 3805 flumine
1278 3738 1363 3821 quod
1393 3739 1602 3806 traiciendum

369 3849 441 3912 erat
470 3843 705 3929 inpediebatur3
740 3842 862 3911 medius
893 3850 1016 3925 autent,
1052 3844 1104 3926 qui
1137 3863 1194 3926 per
1224 3841 1419 3910 carantanos
1448 3843 1599 3923 intrabat,

368 3967 559 4034 quamquam
588 3949 622 4014 in
652 3949 753 4016 tribus
785 3947 862 4014 locis
892 3950 923 4014 ei
945 3949 1165 4029 resisteretur,
1197 3947 1337 4016 feliciore
1360 3967 1438 4016 usus
1461 3948 1600 4032 fortuna,

368 4059 419 4120 ter
440 4049 534 4120 hoste
556 4059 724 4137 superato,
748 4055 855 4120 Dravo
878 4056 973 4121 etiarn
996 4055 1198 4136 uansmisso,
1221 4056 1356 4122 celerius
1379 4055 1420 4120 ad
1442 4055 1602 4124 destinata

367 4157 440 4226 loca
460 4159 616 4242 perventa
640 4157 760 4226 Contra
780 4160 859 4226 haer
880 4158 1074 4226 Liudewitus
1094 4161 1170 4228 nibil
1185 4161 1322 4239 molitus,
1345 4159 1517 4227 munitione
1532 4167 1601 4234 tau-

367 4269 435 4330 turn
456 4265 590 4346 castelli,
614 4264 698 4348 quod
720 4265 753 4330 in
775 4265 875 4334 ardtw
897 4273 1005 4333 monte
1028 4271 1262 4347 consternarat,
1286 4285 1320 4334 se
1343 4283 1480 4347 suosque
1502 4264 1602 4332 conti·

366 4368 453 4448 nuit,
487 4373 524 4436 et·
551 4388 611 4436 nec
639 4369 717 4436 belli
747 4388 807 4436 nec
836 4373 923 4452 pacis
945 4372 996 4437 vel
1018 4391 1075 4454 per
1097 4372 1302 4453 semetipsum
1323 4371 1375 4437 rel
1397 4388 1455 4453 per
1476 4369 1602 4452 legatos

368 4473 468 4538 ullum
489 4490 560 4538 curn
583 4474 628 4540 eis
651 4492 830 4542 sermonem
850 4475 1000 4542 babuisse
1017 4477 1139 4542 dicitnr.
1162 4475 1329 4543 Exercitus
1344 4493 1418 4540 vero
1433 4480 1602 4556 postquam

368 4579 401 4642 in
430 4595 527 4642 unum
558 4582 788 4663 convenerunt,
818 4585 917 4645 totam
947 4598 1028 4661 pene
1059 4579 1220 4664 regionem
1249 4578 1334 4646 lerro
1364 4585 1398 4644 et
1419 4579 1484 4662 igni
1506 4579 1602 4646 dera-

367 4687 507 4763 stantes,
538 4681 624 4756 houd
646 4683 709 4749 ullo
731 4685 820 4766 gravi
843 4684 956 4750 damno
979 4691 1125 4766 accepto,
1162 4684 1289 4752 domurn
1309 4684 1432 4750 reuersi
1453 4689 1537 4748 sant.
1567 4681 1602 4748 le
