3602 5304
1422 409 1484 476 259

246 613 322 670 cibus
340 613 488 670 salonitani
505 613 628 684 episcopi
645 613 826 682 Frontiniani,
845 631 891 684 qur
910 613 1056 670 acerrimus
1068 613 1151 668 trium
1164 615 1344 684 capitulorum
1362 614 1489 672 defensor

251 705 317 756 erat.
336 700 368 755 V.
387 699 494 756 FarIati
512 700 548 768 IL
566 703 626 770 200,
645 703 704 756 288.

172 941 178 956 ·
848 917 898 978 et.

249 1000 272 1060 1.
288 999 332 1060 iii.

246 1113 374 1181 Slooem'
402 1137 471 1183 0010
500 1119 620 1183 Aoorr's
649 1127 759 1184 contra
789 1117 947 1184 Borboros
977 1119 1021 1184 od
1047 1117 1493 1215 1100001110010010090010Ι

293 1235 509 1306 Comentiolus
533 1240 573 1307 de
594 1241 720 1322 integro
743 1241 805 1307 dur
828 1240 970 1324 eligitur,
1003 1242 1058 1308 ubi
1081 1248 1186 1309 aestas
1209 1241 1318 1322 affuit,
1352 1262 1391 1310 ex
1413 1244 1493 1310 urbe

254 1341 448 1408 discessit..
486 1344 529 1410 ad
551 1343 670 1410 istrum
693 1343 858 1409 contendit
880 1363 917 1409 ac
941 1343 1112 1426 Singidone
1136 1364 1206 1410 curu
1228 1347 1336 1412 Prisco
1361 1364 1396 1413 se
1418 1364 1492 1412 con·

252 1443 365 1529 iungit.
401 1447 522 1525 Quarto
554 1448 605 1514 die
634 1450 667 1512 in
698 1450 878 1514 concionem
909 1455 1019 1514 coacto
1047 1451 1189 1514 exercitu
1210 1456 1243 1516 et
1265 1450 1373 1517 Prisco
1396 1451 1495 1516 verbu

254 1547 391 1614 faciente
414 1567 476 1630 pax
497 1550 581 1616 inter
603 1549 763 1617 Romanos
786 1555 820 1616 et
842 1550 964 1617 Abares
987 1551 1157 1630 dissuitur3
1189 1553 1274 1634 quod
1289 1557 1326 1617 ut
1339 1552 1492 1639 facerent,

251 1651 424 1718 Mauricius
447 1654 601 1734 imperiali
623 1655 774 1720 mandato
799 1654 931 1721 ducibus
955 1659 1170 1738 praeceperat.
1202 1654 1371 1722 Manifesta
1394 1656 1491 1738 igitur

253 1773 331 1837 pace
355 1757 446 1822 irrita
467 1757 601 1822 Romani
623 1757 852 1842 Viminacium,
876 1760 980 1824 insula
1002 1764 1054 1825 est
1076 1761 1108 1824 in
1131 1759 1214 1825 Istro
1238 1756 1382 1836 flumine,
1407 1759 1495 1827 defe-

252 1864 375 1938 runtur,
398 1861 454 1927 ubi
478 1859 695 1934 Gomeutiolus
717 1864 857 1946 gradiar
880 1880 914 1928 se
936 1861 1055 1929 habere
1079 1862 1165 1929 visus
1188 1871 1255 1942 est,
1280 1863 1354 1929 indo
1374 1865 1405 1928 in
1422 1882 1494 1929 con-

252 1963 403 2030 tinentem
425 1965 596 2031 traiiciunt.
628 1966 750 2046 Quibus
782 1966 920 2032 motibus
939 1967 1056 2033 auditis
1079 1965 1248 2048 chaganus,
1274 1967 1406 2034 collecto
1431 1968 1487 2033 mi·

252 2068 309 2134 lite
332 2068 413 2134 satis
436 2075 470 2136 et
491 2070 657 2136 arboribus
679 2070 895 2136 Romanorum
919 2071 1049 2136 exitium
1071 2069 1176 2152 infert,
1204 2077 1238 2136 et
1260 2077 1397 2153 quatuor
1418 2070 1492 2137 tiliis

253 2173 361 2254 copias
394 2172 556 2254 attribuit,
588 2174 703 2255 quibus
732 2173 902 2240 transitum
925 2175 999 2240 istri
1031 2173 1229 2254 custodiant,
1261 2175 1346 2256 quod
1367 2174 1414 2240 ilii
1436 2192 1494 2256 pro

255 2292 303 2354 eo,
328 2281 365 2341 ut
387 2275 466 2342 iussi
489 2284 589 2360 erent,
613 2276 719 2344 iacere
739 2278 917 2344 instituunt.
940 2277 1076 2342 Romani
1092 2277 1225 2344 navibus
1242 2279 1496 2360 extemporaneis

255 2379 320 2444 sive
344 2379 469 2446 ratibus
492 2397 646 2448 consensu
668 2381 982 2466 flumentrauseunt,
1006 2381 1192 2463 praelioque
1208 2382 1240 2446 in
1256 2382 1326 2464 ripa
1348 2386 1493 2449 conserto

254 2483 436 2564 superiores
459 2483 606 2549 evadunt.
632 2481 847 2552 Comentioius
871 2503 941 2551 011111
965 2484 1073 2551 Prisco
1097 2483 1265 2550 Viminacii
1286 2486 1492 2552 haerebat...

254 2585 365 2653 Fluvio
389 2593 540 2668 superato
563 2588 710 2669 valloque
732 2608 752 2653 a
774 2589 924 2654 Romanis
948 2590 1085 2656 excitato
1108 2588 1245 2670 Priscus,
1270 2589 1324 2670 qui
1347 2572 1493 2656 010000-

257 2689 405 2758 mentiolo
429 2709 567 2774 pugnam
598 2690 824 2772 experiundum
856 2711 918 2759 nou
941 2693 1094 2776 putabat,
1126 2694 1297 2757 etiamnum
1329 2693 1361 2757 in
1390 2692 1495 2758 insuia
1564 2685 1574 2701 “

257 2793 417 2859 manebat.
452 2793 603 2878 Barbari,
634 2793 785 2861 Romanis
808 2795 887 2861 duce
910 2795 1083 2875 destitutis,
1107 2795 1223 2861 vallum
1245 2794 1426 2874 incursura
1449 2795 1496 2860 illi

256 2898 389 2962 nuncios
413 2897 453 2962 de
475 2899 615 2979 periculo
640 2916 698 2963 suo
721 2897 930 2964 Viminacium
955 2899 1095 2966 mittunt.
1131 2899 1257 2965 Priscus
1289 2900 1411 2980 absque
1434 2895 1495 2966 Co-

257 3001 408 3067 mentiolo
432 3020 527 3083 aegre
550 3020 585 3068 se
608 3009 732 3080 mouet;
763 3003 819 3068 sed
850 3003 994 3067 barbaris
1024 3005 1216 3085 impotenter
1237 3003 1495 3070 incumbentibus

257 3103 385 3171 tandem
409 3106 464 3170 dat
487 3123 598 3171 marrus
622 3112 655 3170 et
677 3123 716 3171 eo
739 3105 849 3172 relicto
873 3104 1051 3188 depellendi
1074 3105 1262 3172 discriminis
1278 3124 1385 3172 curam
1407 3107 1495 3174 labo·

257 3227 387 3290 remque
418 3209 557 3290 capessit
588 3227 625 3275 ac
654 3208 737 3275 vallo
768 3209 918 3276 succedit.
949 3209 1107 3275 Postridie
1138 3211 1264 3293 nauigia
1286 3209 1496 3302 Viminacium

259 3310 367 3376 reduci
389 3313 543 3396 imperat,
574 3314 660 3396 quod
681 3318 837 3380 metueret
859 3332 900 3379 ue
921 3313 983 3378 illis
1006 3313 1047 3379 ad
1069 3313 1171 3394 ripam
1194 3313 1357 3397 dispositis
1379 3314 1495 3381 milites

260 3416 371 3481 crebro
394 3417 435 3482 ad
457 3416 593 3482 insulam
613 3424 847 3483 transmearent
869 3422 902 3484 et
924 3418 1040 3483 idcirco
1067 3417 1231 3498 imminuto
1254 3419 1416 3500 copiarum
1438 3435 1496 3484 nu·

259 3535 346 3584 mero
369 3519 411 3584 ad
433 3519 552 3586 vallum
574 3521 727 3587 tuendum
750 3519 938 3588 infirmiores
961 3519 1181 3587 redderentur.
1216 3520 1368 3588 Barbarie
1391 3528 1498 3588 autem

260 3638 398 3704 pugnam
429 3623 617 3706 urgentibus
648 3624 777 3690 Priscus
807 3625 873 3691 suis
904 3625 1016 3704 edicit,
1047 3631 1084 3690 ut
1113 3643 1205 3690 mane
1235 3627 1268 3690 in
1298 3627 1393 3692 aruris
1424 3625 1497 3706 sibt,

259 3725 390 3807 acieque
412 3732 448 3792 ut
470 3728 575 3810 potuit
603 3729 635 3792 in
660 3734 726 3795 tres
749 3728 924 3810 phalanges
948 3728 1122 3794 distributa
1144 3729 1299 3810 proelium
1323 3731 1499 3795 orditur...

219 3857 223 3864 ·
259 3829 439 3912 Pugnatum
461 3850 481 3896 a
503 3830 654 3897 Romanis
677 3838 779 3898 marte
811 3831 1055 3911 secundissim03
1085 3849 1158 3898 nam
1182 3850 1219 3899 ex
1241 3831 1319 3914 ipsis
1344 3835 1406 3898 300
1428 3837 1499 3899 tau·

260 3939 327 3999 tum
350 3953 390 4001 ex
411 3934 526 4001 Abaris
550 3939 635 4002 4000
659 3935 842 4001 desiderata
864 3941 947 4000 sunt.
981 3934 1083 4002 Nocte
1104 3936 1336 4000 interveniente
1359 3935 1497 4000 victores

261 4055 296 4104 se
318 4039 350 4102 in
373 4043 479 4104 castra
510 4037 677 4121 recipiunt.
711 4039 771 4104 Die
801 4038 897 4106 tertio
928 4038 1084 4104 barbarus
1105 4039 1154 4104 'de
1184 4039 1307 4122 integro
1338 4042 1499 4105 certamen

261 4141 398 4208 molitur.
423 4142 560 4222 Priscus,
584 4149 621 4208 ut
642 4145 755 4225 potuit,
780 4145 904 4226 agmine
926 4142 1080 4225 disposito
1103 4149 1137 4208 et
1158 4143 1324 4221 instructo,
1348 4147 1499 4224 surgente

260 4246 406 4313 iam‘die
436 4247 478 4311 ad
509 4265 646 4330 pugnam
677 4247 823 4328 procedit
840 4297 871 4312 ..
906 4243 1032 4333 (Aburi)
1056 4246 1097 4312 ab
1120 4245 1265 4312 hostibus
1296 4245 1499 4312 circumventi

260 4351 460 4433 perimuntur
483 4351 524 4415 00
546 4369 658 4418 novem
686 4351 791 4417 millia.
826 4351 949 4417 Exacto
972 4351 1024 4417 die
1046 4351 1182 4416 victores
1205 4351 1288 4414 intra
1310 4348 1427 4414 vallum
1450 4367 1498 4416 re·

260 4460 436 4520 reduntur.
472 4454 558 4520 Luce
589 4455 711 4520 decima
740 4456 903 4520 nuntiatur
926 4455 1014 4532 duci,
1049 4455 1218 4521 barbarum
1242 4451 1323 4518 velle
1345 4451 1499 4532 proelium

220 4555 223 4566 '
262 4556 390 4624 iterare.
414 4558 527 4642 Itaque
549 4557 712 4640 postridie,
737 4556 792 4622 ubi
815 4557 934 4642 diluxit,
946 4559 1084 4642 Priscus,
1107 4555 1260 4621 Romanis
1283 4555 1445 4620 instructis
1468 4561 1501 4621 et

261 4660 411 4727 decenter
439 4658 654 4746 muimuuitis,
685 4660 726 4728 ad
756 4661 943 4727 tentandum
966 4658 1145 4728 'conflictum
1166 4658 1443 4800 proposituri..
1467 4664 1501 4726 et
