3520 5422
1394 379 1413 438 9

182 583 297 650 benter
318 581 460 648 fecimus.
489 579 570 648 Nam
591 582 623 646 in
647 581 698 646 die
720 582 911 648 ascensionis
933 581 1066 648 domiui⁸
1089 583 1171 646 inter
1192 598 1283 646 sacra
1304 581 1415 646 missa·

184 705 254 752 rum
278 685 453 767 solempnia
475 703 571 768 snper
594 685 694 751 altare
717 685 801 750 beati
819 685 903 750 Petri
921 685 1055 767 apostoli
1071 686 1268 751 celebrantes
1283 685 1415 752 eleuatis

184 811 308 856 sursum
340 791 483 856 manibus
513 789 728 856 benediximus
760 789 817 856 tibi
847 799 879 855 et
909 791 992 854 omni
1024 791 1138 872 populo
1162 797 1234 872 tuo,
1270 791 1416 871 omnique

183 905 289 962 terrae
312 903 396 979 tuae,
420 901 456 960 ut
477 895 529 960 hic
544 901 575 960 et
591 895 623 960 in
638 901 799 960 aeternum
823 913 953 975 corpore
977 894 1068 960 simul
1091 902 1124 961 et
1147 897 1250 959 anima
1273 894 1414 960 saluatus

185 1007 218 1066 et
242 1000 451 1082 principatum
474 1006 642 1077 terrenum,
668 1017 761 1080 quern
783 998 889 1072 babes,
914 1017 1065 1079 prospere
1081 1019 1117 1064 ac
1137 1001 1289 1064 securiter
1304 1019 1415 1081 regere

182 1107 297 1187 poesie,
322 1105 401 1170 etin
418 1105 546 1170 coelesti
563 1104 692 1184 regione
707 1110 925 1186 postmortem
946 1123 1014 1170 cum
1037 1105 1096 1170 deo
1119 1104 1253 1172 feliciter
1274 1105 1415 1187 gaudeas

183 1211 270 1276 etin
293 1215 480 1291 perpetuum
503 1227 625 1291 regnes.
661 1209 703 1273 Et
727 1210 800 1290 quia
823 1210 905 1273 huuc
934 1211 1036 1290 ipsum
1067 1209 1240 1274 dolrannem
1265 1211 1414 1290 praesby-

183 1321 286 1380 terum
316 1313 372 1379 tibi
404 1319 437 1378 et
466 1313 556 1378 nobis
586 1333 696 1378 uerum
729 1313 852 1379 fidelem
881 1316 910 1378 in
943 1315 1084 1379 omnibus
1108 1335 1179 1379 csse
1203 1315 1414 1397 cognobimus,

185 1419 329 1484 dedimus
351 1418 397 1482 illi
419 1423 561 1484 nostram
592 1419 796 1500 apostolicam
826 1419 992 1500 epistolam
1022 1418 1223 1485 deferendam
1247 1420 1314 1498 regi
1336 1417 1415 1482 Uul-

184 1543 349 1606 garorum:
377 1522 448 1588 ideo
472 1525 625 1604 petimus,
658 1529 695 1587 nt
715 1542 773 1606 pro
797 1542 904 1588 amore
927 1525 1027 1588 sancti
1050 1525 1136 1588 Petri
1160 1535 1193 1588 et
1216 1531 1323 1588 nostro
1347 1543 1417 1588 cum

186 1635 241 1692 tua
265 1628 334 1709 ipse
358 1627 485 1692 licentia
507 1627 697 1710 legationem
720 1628 802 1692 banc
825 1634 964 1693 nostram
988 1629 1056 1694 sine
1078 1629 1237 1694 tardidate
1260 1627 1416 1710 perficiat3

184 1739 219 1798 ut
242 1739 274 1798 et
297 1737 428 1814 propter
450 1733 509 1798 hoc
524 1739 599 1798 tuae
616 1733 775 1798 dilectioni
790 1734 978 1816 multiplices
995 1735 1113 1814 gratias
1129 1733 1309 1798 babeamus.
1333 1733 1418 1798 Data

184 1836 244 1902 Vll
268 1835 319 1900 dle
341 1837 456 1901 mensis
479 1837 574 1914 Iunii,
598 1837 768 1902 indictione
791 1837 862 1902 XII.

271 1945 438 2020 Rogistrum
452 1945 573 2004 loannis
590 1945 669 2005 Vlll.
687 1963 764 2004 saec.
782 1947 823 2004 lll
840 1947 867 2004 in
884 1947 1028 2004 tabulario
1044 1946 1178 2005 vaticano
1194 1947 1277 2019 epist.
1299 1949 1369 2004 191.
1386 1963 1415 2020 p.

229 2033 279 2091 73.
295 2032 406 2091 blansi:
424 2031 511 2096 cone,
528 2033 594 2091 eoll.
612 2033 704 2103 XVll,
726 2035 795 2091 125.
812 2033 921 2092 Farlati
939 2033 989 2108 IV,
1007 2035 1077 2092 207.
1102 2034 1190 2092 lade:
1210 2037 1330 2108 regesta
1345 2050 1416 2092 rom.

228 2123 299 2193 pont
326 2137 370 2178 nr.
388 2121 481 2180 2478.
498 2119 569 2180 Cod.
588 2120 657 2194 dipl.
676 2119 758 2178 cst).
775 2121 797 2188 Ι,
816 2120 866 2180 59.

221 2221 230 2253 ¹
248 2217 279 2272 V.
298 2217 425 2272 Millosic
442 2235 484 2290 op.
505 2219 548 2272 cit.
568 2235 610 2274 nr.
630 2223 669 2272 17.
743 2219 752 2248 ²
770 2219 834 2272 Fuit
852 2219 933 2273 ctiam
952 2219 1057 2286 legatus
1071 2221 1239 2274 llloravorum
1259 2217 1334 2272 ducis
1353 2219 1416 2274 Sua·

185 2305 300 2373 toplulri,
318 2306 359 2360 uti
377 2321 410 2360 ex
430 2307 545 2376 epistola
563 2305 681 2360 eiusdem
700 2322 788 2376 papae
807 2306 921 2361 Ioannis
940 2305 1003 2360 Vlll
1023 2323 1048 2360 a.
1066 2307 1125 2374 879,
1155 2311 1186 2360 ll
1203 2305 1280 2361 Juuii
1299 2305 1416 2374 (registr.

185 2409 228 2463 ep.
246 2397 305 2462 201,
325 2410 351 2463 p.
371 2395 417 2462 tt)
435 2401 564 2463 apparet;
583 2401 677 2461 estque
695 2393 773 2457 idem,
792 2393 837 2462 qui
851 2394 877 2446 in
891 2392 987 2447 Annal.
1002 2391 1181 2448 Fnldensibus
1195 2393 1300 2461 (Pertm
1320 2393 1418 2461 Script.

185 2481 274 2536 Germ.
294 2481 315 2547 1,
334 2481 394 2544 sset
416 2481 572 2546 „lohannes
590 2481 732 2550 presbyter
750 2479 783 2536 de
801 2481 938 2536 Venetiis“
959 2481 1120 2550 appellatur,
1140 2481 1237 2548 quique
1256 2496 1280 2534 s.
1299 2482 1349 2534 sm
1369 2495 1418 2534 ceu

186 2568 345 2638 „legationis
362 2569 504 2638 princeps“
524 2584 617 2637 pacem
635 2569 707 2622 inter
725 2568 919 2636 svatopluknm
938 2578 965 2621 at
990 2583 1079 2636 regem
1097 2567 1261 2622 ludovicum
1278 2567 1417 2636 promovit.

185 2655 253 2710 Tun
272 2673 382 2710 romana
400 2656 476 2711 curia
495 2671 573 2724 qnam
593 2655 733 2710 Slarorum
751 2656 888 2724 principos
907 2653 998 2710 eodem
1017 2655 1122 2708 Joanne
1135 2653 1169 2709 ad
1181 2654 1350 2723 procuranda
1369 2670 1419 2709 sus

186 2745 294 2812 negotia
313 2745 467 2800 utebantur.
540 2745 550 2774 ³
568 2745 585 2797 i.
604 2760 625 2798 e.
646 2747 677 2798 21
697 2745 767 2798 maii.

184 3152 241 3210 lma
256 3151 300 3218 tn,
316 3149 349 3208 lie
365 3148 454 3209 ilarii.
473 3147 553 3208 bna.
775 3043 826 3116 6·

187 3287 278 3371 Papa
300 3285 439 3350 Ioannes
472 3283 558 3347 VIII
576 3287 749 3350 sacerdotes
772 3295 799 3350 et
820 3288 967 3370 populum
987 3285 1149 3348 (ldroution
1173 3304 1233 3348 nno
1257 3304 1324 3348 caua
1345 3283 1421 3346 duce

187 3390 371 3456 Bram'ma'ro
400 3390 611 3454 recmtcr'liatos
641 3391 784 3480 ecclesiae
812 3411 974 3472 romonae,
1006 3399 1039 3452 nt
1070 3391 1102 3452 in
1131 3389 1193 3472 fide
1218 3395 1420 3472 perscoereot,

730 3495 883 3559 hortator.

233 3617 389 3683 Omnibus
417 3617 651 3684 uenerabilibus
682 3617 900 3682 sacerdotibus
931 3621 964 3680 et
993 3616 1142 3680 uniuerso
1175 3616 1301 3696 populo.
1341 3613 1419 3679 Cum

185 3723 310 3788 litteras
333 3721 484 3804 principis
507 3723 607 3788 uestri
627 3721 791 3804 Branimir‚
816 3739 893 3802 quas
909 3721 999 3786 nobis
1016 3739 1072 3800 per
1088 3719 1297 3785 uenerabilem
1314 3737 1420 3800 praes-

188 3827 334 3910 byterum
358 3825 537 3892 Iohannem
556 3826 677 3902 direxit,
701 3827 893 3907 legeremus:
917 3843 980 3889 non
1004 3825 1104 3889 solum
1119 3823 1202 3888 illius
1219 3825 1419 3889 deuotionem

188 3933 246 3998 sad
278 3933 375 3996 etiam
406 3931 480 3996 fidei
512 3938 638 3998 uestrae
669 3931 881 3996 sinceritatem
911 3936 944 3994 et
972 3930 1188 4006 dilectionem,
1225 3947 1318 4009 quarn
1341 3928 1423 3996 circa

186 4043 331 4102 sanctum
353 4036 483 4102 Petrum
505 4035 720 4118 apostolorum
744 4035 913 4116 principem
931 4041 963 4099 et
983 4035 1065 4098 circa
1080 4052 1136 4100 nos
1152 4031 1284 4110 habetis,
1308 4051 1422 4115 cogno·

186 4142 301 4207 nimus.
326 4141 369 4205 Et
391 4140 465 4224 quia
487 4140 576 4206 uelut
599 4137 845 4204 charissimifilii
861 4138 901 4202 ad
917 4143 1057 4202 sanctam
1074 4157 1234 4202 romanam
1249 4137 1423 4212 ecclesiam,

187 4247 272 4312 unde
295 4249 445 4327 parentes
470 4249 594 4312 uestros
618 4243 766 4310 melliflua
789 4249 917 4308 sanctae
933 4242 1173 4325 praedicationis
1193 4243 1340 4328 dogmata
1357 4261 1424 4306 sus·

190 4351 313 4432 cepisse
343 4349 529 4430 agnoscitis,
562 4354 629 4412 toto
661 4349 765 4411 animo
796 4353 925 4429 totaque
955 4349 1119 4414 uoluntate
1149 4347 1253 4411 redire
1281 4347 1424 4426 cupiatis,

188 4461 328 4522 nostram
361 4452 566 4535 apostolicam
596 4453 731 4534 gratiam
756 4459 789 4517 et
811 4452 1061 4518 benedictionem
1092 4453 1209 4517 babere
1231 4469 1422 4531 magnopere

189 4559 423 4626 desiderantes:
448 4575 561 4646 magna
581 4576 687 4622 sumus
707 4556 822 4638 repleti
836 4556 966 4622 laetitia.
991 4555 1034 4621 Et
1049 4556 1118 4623 ideo
1135 4557 1270 4622 brachiis
1287 4554 1423 4620 estensis

188 4683 247 4730 nos
262 4664 491 4746 amplectimur,
515 4668 710 4745 paternoque
726 4680 833 4730 amore
848 4661 1014 4746 recipimus
1030 4666 1064 4726 et
1079 4660 1253 4743 apostolica
1277 4660 1422 4732 uolumus
