3604 5276
356 375 418 438 350

355 597 478 663 σμεοσον
501 575 570 648 τοὺς
592 575 724 663 πρώτους
746 585 800 638 τοῦ
822 574 960 663 κάστρον,
993 576 1087 642 bitrio
1125 576 1222 640 ceteri
1263 592 1335 639 sese
1380 573 1598 640 submissum.

351 683 402 744 καὶ
417 679 595 744 ἀπόστειλον
612 680 720 752 αὐτοὺς
735 686 772 752 εἰς
791 669 962 766 τῆνχώραν
993 679 1073 745 Cum
1098 684 1203 746 autem
1219 678 1432 761 persuasisset
1445 679 1508 761 ipsi
1524 693 1599 744 eon·

350 806 420 858 σοο,
452 785 504 846 καὶ
536 783 609 846 τέτε
639 788 677 856 ὡς
699 783 796 856 θέλεις
818 786 845 845 οί
865 786 961 846 λοιποὶ
991 783 1061 849 silio
1085 800 1143 849 sue
1167 782 1315 865 obsequi,
1346 782 1437 861 isque
1460 780 1523 846 iam
1546 797 1600 846 ea·

352 885 595 974 ὑποτοιγίρσοντοιί
624 908 678 954 σοι.
707 889 759 950 οιαὶ
790 886 843 950 ὅτε
872 886 961 972 παρέ·
993 893 1084 952 terras
1106 885 1227 953 ferreas
1254 885 1416 951 faciendas
1439 883 1600 950 decrevis-

351 1012 449 1054 πεισεν
472 989 563 1053 αὐτὸν
584 992 630 1053 ἵνα
653 989 788 1077 τλερώσρ
816 990 871 1061 τὴν
895 991 962 1072 βου·
993 996 1044 1056 set
1065 991 1104 1056 iis
1131 989 1324 1073 ablegendis
1349 989 1427 1054 adiit
1442 985 1601 1055 Soldanus

350 1095 405 1164 λήν
417 1096 520 1169 αὐτοῦ,
541 1095 591 1158 καὶ
603 1093 685 1180 ὥρισε
696 1093 835 1181 γενέσθαι
850 1093 964 1167 ἁλύσεις
994 1095 1162 1178 principes,
1183 1093 1343 1176 inquiens:
1371 1092 1527 1171 „nondum
1543 1109 1601 1157 vos

351 1189 466 1285 σιδηρᾶς
482 1203 519 1271 εἰς
533 1196 571 1260 τὰ
587 1198 706 1284 ἐξορίσαι
721 1197 837 1272 αὐτοὺς,
863 1199 962 1269 arnn-
996 1199 1135 1278 creditis,
1167 1215 1274 1280 regem
1295 1214 1353 1262 ros
1375 1196 1602 1261 exterminatu-

353 1303 408 1365 θεν
431 1305 447 1364 ὁ
469 1291 619 1374 Σολδοινός
649 1303 699 1364 καὶ
721 1298 782 1364 εἶπε
804 1301 875 1388 πρὸς
895 1303 964 1375 τοὺς
993 1321 1064 1367 rum
1086 1309 1119 1368 et
1134 1301 1259 1368 omnine
1275 1319 1314 1366 ex
1332 1299 1512 1367 hominibus
1530 1318 1602 1366 eru·

354 1412 498 1492 ᾰρχοντας
520 1405 567 1468 ὅτι
581 1405 679 1490 ἀκμὴν
695 1407 728 1468 οὐ
743 1404 898 1468 πιστεύετε
920 1405 967 1468 ὅτι
996 1405 1108 1472 endam
1143 1405 1325 1471 memoriam
1358 1404 1474 1482 vestri;
1510 1409 1544 1470 at
1574 1404 1603 1470 si

355 1509 447 1597 ὸρῆξ
466 1509 620 1595 έξορίστους
635 1512 710 1595 ὑμᾶς
732 1519 808 1571 ποιεῖ
824 1511 874 1571 οιαὶ
888 1531 963 1572 ποιν-
994 1510 1121 1575 omnino
1145 1510 1296 1575 certiores
1327 1508 1374 1574 rei
1404 1506 1473 1574 fieri
1495 1507 1603 1586 vultis

354 1615 448 1686 τελῶς
470 1613 502 1696 ἐξ
514 1612 678 1702 ἀνθρώπων
699 1613 811 1700 γίνεται
832 1613 869 1676 τό
892 1635 964 1699 μνη·
995 1613 1082 1678 abite
1105 1619 1138 1680 et
1161 1613 1360 1693 videtequid
1380 1611 1498 1692 ubique
1518 1611 1603 1676 fabri

356 1715 479 1803 μόοωνον
495 1720 585 1803 eyes.
602 1715 681 1804 ὅμως
689 1721 713 1779 εἰ
722 1715 833 1780 θέλετε
847 1717 963 1789 τελείως
993 1717 1141 1782 mandato
1164 1717 1249 1798 regis
1272 1713 1454 1794 conficient;
1487 1721 1520 1780 et
1541 1715 1602 1781 nisi

355 1821 633 1906 πληρορορηθῆναι,
671 1819 856 1894 ἀπελθόντες
889 1819 964 1883 θεά·
996 1821 1077 1886 cirea
1093 1824 1222 1886 catenes
1238 1837 1275 1886 ιιε
1289 1819 1416 1886 vincula
1430 1825 1603 1900 occupatos

357 1925 454 1986 σασθε
483 1923 513 1984 τί
535 1921 591 2009 ἄρα
614 1921 786 2010 ἐργάζονται
807 1921 916 1997 πάντες
938 1926 964 1987 οἱ
993 1925 1186 2004 inveneritis,
1204 1923 1308 1990 ornnie
1324 1941 1374 1990 me
1390 1921 1472 1989 falsa
1487 1923 1604 1988 dixisse

356 2031 477 2113 χαλκεῖς
491 2036 533 2110 τῇ
548 2029 703 2113 προστάξει
724 2035 779 2090 τοῦ
794 2027 889 2115 ρἠγός
917 2030 967 2089 καὶ
999 2028 1088 2094 vebis
1120 2028 1276 2108 iudicate3
1311 2026 1361 2092 sin
1383 2043 1461 2092 vers
1483 2025 1601 2106 dixere,

358 2135 382 2192 εἰ
411 2132 467 2216 οὐχ
497 2129 599 2217 εὕρητε
632 2129 738 2203 αὐτοὺς
760 2129 967 2218 ἐργαζομένους
997 2148 1091 2196 curae
1113 2131 1202 2196 vobis
1218 2129 1260 2198 sit
1275 2129 1404 2213 propria
1425 2129 1522 2210 saiuS,
1546 2131 1603 2194 mi·

357 2232 415 2306 τάς
430 2231 544 2306 ἁλύσεις
558 2235 608 2296 καὶ
624 2233 665 2295 τοὶ
679 2225 784 2320 δεσμά,
807 2234 965 2321 γινώονιετε
996 2235 1100 2316 hique,
1121 2235 1174 2315 qui
1190 2233 1280 2299 utilia
1296 2234 1386 2302 vobis
1402 2239 1435 2299 et
1450 2233 1605 2299 salutaria

358 2335 405 2398 ὅτι
427 2333 529 2398 πάντα
550 2335 592 2398 πολ
614 2339 680 2423 παρ’
703 2337 776 2423 ἐμοῦ
797 2335 967 2424 λαλούμενα
996 2338 1127 2403 consilia
1150 2338 1300 2418 dederim,
1322 2324 1511 2404 beneficium
1530 2337 1604 2402 red·

357 2443 423 2525 ὑμῖν
434 2439 497 2501 ἐστὶ
510 2430 612 2524 ψευδῆ·
630 2445 653 2501 ει
668 2430 700 2502 δέ
715 2439 867 2520 ἀληθεύω,
884 2461 965 2528 ρρον-
997 2441 1093 2507 dite‘'.
1140 2442 1286 2507 Persuesi
1330 2459 1406 2508 vero
1445 2441 1604 2523 principes

358 2542 464 2604 τίσετε
493 2541 549 2612 τὴν
574 2544 719 2624 σωτηρίαν
742 2547 822 2629 ὑμῶν
844 2546 894 2606 οιαὶ
916 2543 968 2631 ἐμὲ
999 2542 1131 2609 Saldani
1165 2544 1270 2611 verbis
1282 2596 1290 2628 ‚
1330 2543 1535 2625 compedibus
1570 2550 1606 2610 et

360 2645 573 2731 εὐεργετλσατε
609 2645 662 2708 τόν
694 2646 736 2708 τοὶ
769 2647 886 2734 χρηστὰ
918 2649 968 2710 καὶ
997 2648 1130 2714 vinculis
1140 2646 1328 2729 conspectis,
1341 2647 1468 2712 omnino
1477 2645 1510 2712 id
1518 2649 1605 2730 qued

359 2748 488 2834 σωτήρια
520 2751 585 2836 ὑμῖν
614 2749 852 2837 βουλευσάμενον.
888 2755 914 2814 οἱ
936 2743 968 2814 δὲ
999 2757 1069 2818 erat
1105 2752 1326 2831 crediderunt3
1364 2757 1460 2833 atque
1493 2770 1532 2817 ex
1567 2771 1606 2819 eo

360 2851 500 2938 ἄρχοντες
511 2850 681 2926 πεισθέντες
692 2863 738 2935 τῷ
750 2863 804 2916 τοῦ
816 2845 968 2918 Σολδανοῦ
998 2861 1142 2937 tempore
1170 2857 1210 2920 de
1236 2855 1377 2922 tollendo
1401 2875 1477 2938 rege
1499 2857 1606 2922 Lude·

359 2955 451 3042 λόγῳ,
475 2954 655 3040 θεασάμενοι
677 2948 709 3019 δὲ
738 2958 787 3019 καὶ
809 2968 874 3030 ταῖς
896 2955 968 3019 ἁλί»
998 2959 1066 3024 viro
1090 2958 1254 3024 consilium
1270 2965 1433 3040 ceperunt.
1459 2959 1525 3024 Rex
1549 2978 1605 3024 au·

360 3079 415 3130 σεις
436 3060 487 3120 καὶ
508 3057 550 3119 τὰ
572 3049 684 3145 δεσμά,
716 3061 831 3122 τελείαν
859 3063 969 3147 πληρο-
999 3067 1063 3126 tern
1093 3061 1206 3126 horum
1237 3062 1376 3128 omniurn
1399 3063 1528 3145 ignarus
1551 3081 1605 3128 ve·

359 3161 457 3248 ρορίαν
478 3162 596 3242 ἔλαβον,
620 3164 669 3224 καὶ
692 3167 799 3226 ἔκτοτε
820 3163 968 3247 ἐμελέτων
997 3170 1106 3230 natum
1130 3166 1309 3245 egreditur3
1340 3183 1474 3246 cumque
1496 3184 1604 3232 rever-

358 3264 414 3334 τὴν
444 3265 594 3327 ἀπώλειαν
616 3274 671 3328 τοῦ
693 3265 779 3353 ρηγός
802 3257 964 3354 Αοδοθχου.
996 3273 1127 3355 teretur,
1144 3268 1306 3350 principes
1319 3267 1419 3350 ipsius
1436 3269 1506 3346 loci,
1523 3269 1605 3336 urbe

360 3361 425 3430 ὁδὲ
440 3369 492 3456 ρἢ
503 3357 604 3431 ταῦτα
620 3367 722 3432 πάντα
733 3371 846 3456 ἀγνοῶν
862 3371 970 3454 ἐξῆλθε
999 3377 1155 3452 occupate
1166 3423 1175 3456 ‚
1213 3371 1333 3437 intrare
1371 3390 1442 3438 eum
1480 3371 1608 3436 minime

359 3471 428 3556 πρὸς
457 3471 495 3534 τὰ
528 3475 699 3558 novarien(
733 3471 969 3559 ὑποστρέψαντος
999 3477 1218 3556 permiserunt.
1247 3475 1314 3541 Rex
1337 3477 1445 3555 itaque
1467 3474 1608 3540 Ludori·

362 3565 395 3636 δὲ
410 3578 436 3636 οἱ
451 3573 560 3637 τούτου
582 3573 722 3662 ἄρχοντες
744 3576 908 3663 ἐκράτησαν
931 3578 967 3640 τὰ
998 3596 1069 3660 cue,
1104 3580 1305 3661 insurgentes
1329 3583 1439 3644 eontra
1462 3597 1497 3644 se
1520 3579 1607 3660 prin·
1638 3633 1647 3646 .

361 3681 495 3763 ααστρον,
525 3679 566 3763 μὴ
597 3679 734 3754 ἐάσαντες
765 3680 855 3743 αὑτὸν
879 3685 969 3744 εἰσελ-
1001 3683 1088 3763 cipes
1111 3683 1240 3762 videm,
1275 3682 1315 3746 ed
1339 3701 1397 3747 sue
1414 3681 1606 3763 regreditur.

361 3783 433 3844 θεῖν.
466 3785 481 3842 ὁ
513 3772 545 3842 δὲ
576 3781 627 3869 ρ’ὴξ
653 3769 803 3869 Αοδίϊχος
832 3784 888 3854 τὴν
910 3793 970 3846 τῶν
1001 3786 1164 3867 Principes
1198 3805 1273 3850 vero
1305 3783 1443 3851 Soldano
1481 3785 1607 3851 dixere:

360 3884 511 3970 ἀρχόντων
549 3885 681 3948 ἔνστασιν
714 3889 896 3972 θεασάμενος
930 3893 967 3960 εἰς
1001 3889 1095 3969 „quid
1127 3889 1184 3953 tibi
1215 3889 1263 3952 vis
1291 3887 1444 3955 faciamus
1474 3906 1533 3970 pre
1555 3907 1604 3968 ee,

358 3987 414 4057 τὴν
445 3977 518 4050 ἰδίαν
550 3988 648 4074 χώραν
678 3986 863 4076 ὑπέστρεψεν.
888 3993 914 4052 οἱ
936 3987 968 4054 δὲ
999 3992 1083 4073 quod
1114 4011 1171 4057 nos
1195 3993 1370 4058 servaveris
1379 3992 1412 4055 ?“
1449 3993 1507 4057 lile
1530 4011 1609 4058 vero

362 4088 500 4177 ἄρχοντες
531 4089 609 4155 εἷπον
640 4092 708 4178 πρὸς
736 4093 787 4156 τὸν
817 4086 967 4156 Σολθανόν
999 4095 1114 4161 dimitti
1127 4096 1166 4160 sd
1180 4114 1255 4162 suos
1267 4097 1383 4174 volnit;
1407 4114 1510 4177 eoque
1521 4096 1609 4163 iacto
1705 4135 1716 4152 ·

364 4218 411 4275 „rr
426 4192 481 4280 ἄρα
504 4193 601 4268 θέλεις
623 4201 701 4283 ἡμεῖς
715 4197 834 4266 ποιῆσαί
849 4219 893 4259 σοι
907 4200 969 4285 περὶ
1000 4200 1030 4263 in
1047 4198 1185 4264 Africam
1201 4199 1371 4281 profectus,
1396 4201 1427 4264 in
1447 4200 1609 4282 propriam

362 4307 417 4370 τῆς
432 4299 587 4384 γενομένης
602 4306 639 4374 εἰς
657 4305 734 4388 ἡμᾶς
751 4299 831 4388 παραὶ
847 4309 898 4363 σοῦ
914 4325 971 4362 σοι·
1001 4302 1163 4383 regionem
1202 4322 1237 4369 se
1274 4305 1405 4385 recepit.
1447 4303 1610 4369 pristinae

364 4391 567 4488 repremit
577 4403 716 4490 ᾐτήσατο
727 4406 808 4487 ἑντῇ
820 4396 877 4486 ἰδίᾳ
886 4405 970 4492 χώρᾳ
999 4412 1105 4470 autem
1140 4406 1281 4472 malitiae
1314 4407 1441 4475 minime
1477 4407 1609 4486 oblitus

366 4507 512 4567 ἀπολῦσαι
524 4506 625 4580 αὐτὸν,
641 4509 690 4568 καὶ
698 4506 807 4569 τούτου
818 4507 973 4595 γενομένου
1003 4509 1142 4575 exercitu
1155 4511 1287 4578 aelleete
1302 4529 1373 4577 eum
1385 4531 1500 4595 magna
1513 4529 1609 4576 marm

369 4609 507 4678 ιἰττιίλθεν
537 4609 566 4670 ὲν
589 4608 708 4696 Ἄρρος-ρ
741 4615 778 4683 εἰς
811 4611 866 4681 τὴν
901 4603 974 4674 ἰδίαν
1005 4615 1044 4679 ad
1058 4615 1249 4680 obsidendas
1266 4615 1499 4698 capiendasque
1513 4616 1610 4683 urbes
