3604 5276
1411 376 1473 441 aet

238 575 407 642 circuendo
441 575 643 642 restaurabat
675 575 841 656 ecclesias,
876 576 1047 643 ordinabat
1080 577 1264 663 episcopos,
1304 577 1471 662 parochias

234 679 437 762 disponebat,
461 685 494 747 et
515 680 669 762 paulatim
692 681 789 746 rudes
810 681 945 763 populos
962 681 1002 745 ad
1018 679 1271 748 informationem
1287 682 1474 748 catholicam

232 783 423 850 attrahebat.
448 783 536 850 Tunc
560 784 818 866 praenominatus
841 782 977 851 Severus
1001 784 1194 850 domicilium
1215 805 1316 864 suum,
1341 787 1426 869 quod
1441 787 1474 850 in

233 885 365 969 Spalato
388 887 520 954 sortitus
542 887 648 953 luerat
670 887 794 970 quando
815 887 855 954 de
877 886 988 952 insulis
1011 887 1190 966 redierunt,
1221 889 1350 955 donavit
1371 889 1472 956 eccle·

230 990 296 1056 siae
327 1009 398 1056 cum
428 992 507 1057 turri
539 991 682 1076 angulari
706 995 739 1056 et
761 989 897 1073 palatio,
933 989 1128 1072 episcopium
1157 991 1201 1056 ibi
1223 989 1293 1057 fieri
1316 997 1460 1058 statuens

231 1093 343 1176 Ibique
366 1093 560 1161 honorabilis
583 1094 712 1176 praesul
733 1093 873 1160 loannes
889 1093 1035 1175 primitus
1050 1092 1196 1162 habitare
1211 1094 1326 1177 coepit.
1349 1094 1470 1162 Videus

231 1217 308 1281 ergo
330 1199 482 1282 populum
506 1200 537 1264 in
559 1198 656 1265 divini
680 1197 783 1264 cultus
813 1214 922 1263 amore
951 1214 1167 1277 succrescere,
1200 1198 1307 1264 statim
1338 1199 1468 1284 aggredi

232 1301 338 1384 coepit
360 1320 439 1386 opus
462 1300 635 1380 laudabile,
667 1307 700 1367 et
723 1300 875 1382 templum
898 1298 1003 1378 lovis,
1037 1300 1120 1381 quod
1149 1300 1182 1366 in
1212 1301 1283 1385 ipso
1307 1303 1466 1385 augustali

231 1403 372 1472 aedificio
395 1405 620 1473 excelsioribus
636 1403 742 1470 iuerat
764 1403 931 1470 structuris
953 1409 1121 1487 errectum,
1145 1404 1184 1469 ab
1209 1404 1362 1472 idolorum
1380 1425 1469 1472 mun·

233 1509 320 1576 davit
342 1507 511 1592 figmentis,
535 1509 647 1574 ianuas
663 1506 695 1572 in
711 1525 749 1572 eo
765 1525 916 1589 serasque
933 1509 1140 1574 constituens.
1164 1505 1255 1573 Tunc
1268 1509 1468 1576 solemnitate

232 1611 439 1679 dedicationis
463 1611 582 1678 indicta
604 1629 737 1695 maguus
762 1609 901 1692 undique
923 1609 1058 1694 populus
1078 1611 1274 1678 coadunatus
1297 1619 1357 1679 est.
1381 1613 1470 1679 Fecit

231 1735 307 1800 ergo
330 1735 368 1784 ex
390 1715 466 1782 iano
488 1716 543 1782 illo
567 1714 749 1799 ecclesiam,
781 1732 970 1780 consecrans
1000 1733 1071 1781 eam
1103 1717 1136 1780 iu
1165 1734 1280 1797 magna
1302 1715 1469 1784 devotione

230 1825 265 1885 et
286 1819 425 1901 tripudio
448 1820 596 1898 omniurn,
621 1820 674 1901 qui
696 1823 920 1902 convenerant,
946 1818 987 1884 ed
1007 1817 1159 1886 honorem
1182 1819 1234 1884 dei
1254 1825 1288 1885 et
1309 1819 1469 1903 gloriosae

231 1923 359 2006 virginis
382 1923 511 1988 Mariae.
547 1921 675 1987 Clerum
698 1925 804 1986 autem
829 1921 871 1988 ibi
894 1922 1022 2004 statuit,
1054 1923 1109 2004 qui
1131 1921 1228 1988 divini
1251 1923 1353 1989 cultus
1376 1925 1468 1990 obse·

229 2028 304 2111 quia
327 2027 440 2093 dlebus
461 2025 593 2108 singulis
616 2033 788 2092 exerceret.

314 2150 446 2211 Thomas
461 2148 573 2210 archid.
590 2149 696 2226 spalat.
713 2147 814 2209 histor.
831 2151 914 2208 salon
940 2166 965 2210 c.
983 2148 1034 2226 Xl,
1051 2165 1081 2224 p.
1099 2150 1163 2209 320
1178 2148 1226 2208 ed.
1241 2149 1269 2212 J.
1286 2151 1378 2211 leucii.

315 2238 388 2298 Post
409 2235 587 2314 Maximum,
616 2237 698 2296 cuius
721 2240 802 2294 certa
826 2234 966 2294 memoria
988 2233 1021 2293 fit
1041 2234 1080 2294 ad
1096 2234 1183 2294 tinem
1198 2236 1267 2296 anui
1283 2237 1345 2296 602
1362 2236 1403 2318 (v.
1419 2256 1464 2299 nr.

277 2326 348 2397 163,
366 2321 430 2402 57),
455 2321 603 2398 cathalogi
627 2321 808 2382 salonitanae
832 2321 975 2381 ecclesiae
1000 2321 1124 2398 (Farlati
1149 2321 1173 2399 1,
1197 2323 1270 2382 320.
1296 2324 1368 2383 324.
1394 2326 1466 2387 32⁷.

274 2408 362 2491 333.)
385 2413 614 2470 commemorant
636 2406 733 2468 adbuc
755 2406 961 2478 Theodorum,
989 2407 1040 2482 qni
1055 2407 1289 2468 salonitanorum
1305 2411 1466 2471 antistitum

277 2490 433 2575 ,ultImus“
451 2495 601 2556 asseritur.
628 2494 701 2553 Post
716 2493 905 2570 Theodorum
921 2493 1007 2553 sedes
1023 2491 1284 2570 archiepIsoopalis
1300 2513 1408 2557 vacare
1424 2496 1467 2557 di-

272 2585 365 2658 oitor,
393 2583 487 2642 donec
509 2580 639 2642 loannes
662 2579 786 2640 eandem
802 2579 911 2639 Salona
931 2579 1083 2656 Spalatum
1098 2579 1282 2644 transferret.
1312 2581 1377 2656 Quo
1393 2586 1466 2644 tcm-

272 2671 353 2747 poris
368 2668 464 2746 spatio
480 2667 568 2729 sodes
582 2666 752 2738 vacaverit,
780 2665 936 2741 quandove
951 2665 1080 2726 Ioannes
1096 2664 1210 2742 Spoleti
1225 2666 1466 2746 archiepiscopus

272 2755 367 2817 iactus
382 2755 436 2834 sit,
460 2755 558 2814 nudus
574 2751 796 2828 cathologorum
811 2750 963 2828 adfirmat,
980 2753 1005 2811 ei
1020 2753 1170 2831 altimum,
1188 2770 1276 2829 quem
1291 2755 1404 2814 Farlati
1419 2773 1465 2816 ro·

271 2859 388 2903 manum
404 2841 491 2916 dicit,
516 2839 657 2915 excipias.
684 2837 741 2898 Hic
763 2837 863 2898 eedem
879 2839 917 2898 ab
933 2855 961 2897 a.
978 2839 1040 2898 633
1056 2854 1150 2913 usqne
1165 2839 1204 2899 ad
1219 2857 1247 2902 a.
1265 2841 1328 2900 650
1343 2859 1464 2922 vacare,

272 2929 387 3004 hocque
402 2945 480 2988 anno
498 2927 641 2988 Ioannem
657 2923 770 3001 Spalati
785 2925 945 2984 antistitem
961 2925 1086 2985 electum
1101 2923 1192 2985 foisse
1207 2929 1322 2986 asserit.
1353 2928 1463 2988 Verum
1583 2995 1589 3005 ,

270 3016 300 3074 in
322 3016 379 3075 hoo
401 3014 601 3075 recentissimo
624 3011 782 3087 cathalogo
805 3011 874 3071 anni
889 3029 907 3071 o
922 3011 1076 3088 scriptoris
1096 3013 1264 3073 coniectura
1286 3015 1465 3094 posiderunt,

270 3102 370 3178 nilque
385 3103 415 3161 in
430 3102 491 3182 eis,
515 3098 614 3176 quoad
629 3099 822 3174 antiquiorem
837 3098 1010 3174 periodum,
1031 3102 1150 3175 praeter
1166 3100 1327 3158 antistitum
1343 3101 1462 3161 nominc

271 3190 343 3248 certi
365 3187 492 3249 habetur
513 3187 693 3266 (Dttmmlerz
721 3185 795 3244 tiber
817 3185 866 3245 die
888 3186 1012 3246 aelteste
1035 3183 1212 3245 Geschichto
1234 3184 1287 3245 der
1311 3184 1419 3247 Slaven
1434 3189 1464 3247 io

270 3275 438 3335 Dalmatica
453 3293 484 3351 p.
501 3273 566 3352 31).
591 3271 677 3348 Quod
700 3273 725 3331 si
747 3272 837 3331 nihilo
861 3273 956 3332 miuus
972 3271 1070 3330 omnia
1085 3287 1182 3331 rerum
1198 3271 1337 3331 adiuncta
1352 3279 1464 3332 nostro·

269 3378 393 3436 rumque
409 3361 649 3422 documentorum
663 3359 837 3418 verisimiles
855 3359 976 3418 notitiae
991 3358 1203 3436 respiciantur,
1220 3357 1250 3417 id
1273 3363 1384 3418 certum
1400 3375 1465 3419 esso

270 3448 396 3521 videtur,
412 3449 488 3508 inter
500 3445 628 3507 Salonas
640 3445 785 3505 excidium
798 3449 826 3504 et
839 3444 1109 3521 archiepiscopatus
1120 3443 1243 3504 loannis
1258 3445 1390 3505 inmitium
1406 3464 1464 3505 non

270 3535 348 3596 ultra
369 3535 519 3595 dimidium
542 3534 692 3593 saeculum
715 3531 864 3592 effluxisse
890 3531 948 3610 (Cf.
965 3531 1003 3593 Η.
1026 3531 1062 3594 Ir.
1078 3531 1211 3592 Krauso:
1236 3547 1284 3590 res
1307 3531 1462 3592 Slavorum

270 3623 299 3681 in
316 3622 503 3698 impactorum
526 3619 716 3681 occidentalis
739 3622 769 3678 et
791 3619 942 3679 orientalis
964 3617 1089 3678 confinio
1115 3618 1307 3679 habitantium
1324 3635 1402 3680 saec.
1419 3619 1461 3678 III

312 3796 359 3854 De
381 3704 503 3856 thaonis
526 3793 648 3867 eiusque
670 3809 873 3852 successorum
897 3809 1018 3852 munere
1040 3791 1200 3868 apostolico
1232 3791 1308 3851 idem
1332 3789 1463 3851 'ihomas

271 3878 310 3963 (c.
327 3880 409 3957 XIII,
426 3898 456 3957 p.
474 3873 550 3961 320)
567 3880 726 3940 subnectit:
747 3880 926 3956 „Postquam
942 3881 1039 3937 autem
1052 3894 1106 3953 per
1118 3877 1364 3952 praedicationem
1377 3894 1464 3953 prae·

269 3969 339 4028 dicti
362 3967 485 4028 Joannis
507 3973 538 4026 et
560 3966 684 4026 allorum
706 3967 875 4042 praesulum
890 3963 1125 4024 Salonltanorum
1150 3961 1239 4022 duces
1255 3961 1418 4023 Gothorum
1433 3968 1464 4023 et

269 4053 463 4114 Chroatorum
478 4055 516 4114 ab
531 4051 659 4113 Arianae
675 4052 834 4113 haereseos
849 4051 965 4110 fuerant
989 4051 1163 4126 contagione
1187 4051 1320 4126 purgati,
1345 4053 1464 4126 praeter

269 4141 424 4218 episcopos
447 4141 613 4202 Dalmatiae
638 4142 666 4199 iu
690 4138 845 4198 selas-onia
870 4137 986 4197 fuerunt
1001 4138 1120 4212 aliquae
1135 4139 1263 4196 statutae
1279 4136 1464 4212 episcopales

218 4269 222 4276 -
268 4227 424 4306 ecelesiae,
443 4228 580 4288 videlicet
595 4227 633 4286 ab
649 4226 761 4286 oriente
776 4226 830 4284 suit
845 4225 1001 4300 opiscopus
1013 4224 1206 4294 Delmitauua,
1223 4221 1301 4282 unde
1313 4223 1464 4282 Dalmatia

269 4313 349 4375 dlota
364 4320 424 4393 est3
454 4315 492 4374 ab
510 4312 661 4374 occidente
677 4313 731 4372 luit
746 4311 903 4388 eptacopus
918 4310 1112 4386 SciscItanus,
1137 4308 1187 4368 abi
1204 4309 1308 4368 beatus
1324 4308 1462 4383 Quirinus

269 4405 382 4477 martyr
409 4399 556 4475 qnondam
584 4399 680 4459 extitit
706 4393 856 4474 praesul“.
887 4397 1081 4457 chroatorum
1106 4395 1196 4455 duces
1222 4393 1349 4454 Ariassos
1371 4393 1462 4454 fuisse

269 4491 354 4562 putat
368 4490 479 4561 auctm,
496 4486 566 4561 quia
581 4485 727 4545 chroatos
742 4501 808 4543 cum
824 4482 929 4544 (iothis
944 4481 1103 4544 confundit.
1131 4481 1302 4541 Salaciensis
1317 4485 1347 4541 et
1362 4479 1464 4539 delmi-

268 4575 379 4633 nieusis
394 4573 537 4634 ecclesiae
553 4571 650 4632 adhuc
666 4589 745 4632 saec.
761 4570 789 4629 X
804 4571 988 4646 episcopales
1004 4569 1209 4647 censebantur,
1232 4567 1300 4628 llcet
1314 4567 1375 4626 suia
1390 4565 1465 4624 anti-

269 4659 385 4720 stitibus
401 4663 498 4719 cotum
514 4663 651 4720 carerent
667 4658 716 4738 (V.
735 4676 777 4716 ur.
797 4657 867 4735 150,
888 4675 915 4732 p.
937 4653 1018 4733 195).
