3520 5422
1377 443 1416 505 73

180 651 368 718 hereditarii
390 652 478 733 regni
504 651 598 718 michi
620 667 771 717 concessa
792 649 1007 734 guhemacula
1028 655 1234 718 consemaret
1250 655 1285 718 et
1300 651 1417 716 anima·

178 757 241 824 bus
263 773 405 822 meorum
428 756 690 838 predecessorum
712 757 853 838 requiem
876 763 1018 824 eternam
1031 755 1179 822 donaret:
1201 755 1308 822 inueni
1324 754 1419 820 nichil

177 863 212 928 in
236 861 387 946 open‘bus
409 860 625 928 misericordie
648 861 708 928 deo
731 861 958 944 acceptabilius
981 860 1140 944 nichilque
1161 865 1271 926 nostra
1291 845 1420 926 tere'stri

178 967 254 1034 aula
275 965 400 1050 dignius
423 965 537 1048 quam’
559 973 592 1032 et
614 983 823 1048 supernorum
845 967 960 1032 ciuium
982 973 1078 1048 atque
1098 971 1278 1032 sanctorum
1293 971 1421 1031 sacrata

177 1071 363 1139 habitacula
377 1071 632 1154 possessionibus
647 1071 895 1152 muneribusque
911 1059 1016 1138 ditare‘
1028 1069 1200 1154 condignis.
1227 1070 1329 1152 Igitur
1345 1069 1419 1152 quia

179 1177 259 1245 deus
282 1177 482 1259 omnipotens
504 1183 593 1243 terra
615 1175 759 1259 marique
790 1181 934 1243 nostrum
964 1175 1165 1260 prolongauit
1197 1193 1339 1258 regnum,
1363 1175 1418 1242 de·

179 1282 340 1350 arcuimus
363 1287 398 1348 et
418 1286 558 1364 promtto
578 1281 683 1346 animo
714 1281 940 1360 stabilissimus,
973 1281 1197 1348 monasterium
1228 1280 1419 1348 sanctissimi

179 1385 400 1473 othrisogoni)
423 1386 571 1466 martiris,
597 1387 685 1452 cuius
706 1386 890 1453 uenerabile
912 1404 1026 1471 corpus
1048 1384 1131 1452 infra
1152 1384 1291 1452 eiusdem
1307 1385 1417 1451 ciuita-

178 1493 222 1559 tis
246 1492 353 1558 mania
375 1491 563 1574 requiescit,
588 1491 709 1574 prediis
736 1497 833 1576 atque
855 1493 1109 1574 possessionibus
1132 1490 1298 1557 bonorare.
1318 1487 1425 1554 Simul.

179 1597 256 1679 quia
277 1597 425 1679 ingestis
446 1601 684 1664 antecessorum
706 1602 896 1676 nostrorum,
921 1597 1048 1680 regum⁸
1069 1595 1171 1663 silicet
1193 1593 1419 1660 excellentissi-

180 1719 318 1783 morum,
348 1702 380 1766 in
411 1702 529 1784 campis
564 1707 598 1768 at
620 1700 804 1784 teritori(i)s
830 1701 972 1784 plurimis
995 1702 1171 1785 predictum
1193 1700 1418 1768 monasterium

180 1805 361 1872 inuenimus
384 1805 636 1889 priuilegiatum;
659 1825 718 1874 nos
734 1825 811 1890 ergo
827 1824 847 1872 a
862 1807 1138 1890 predecessoribus
1151 1805 1271 1872 nostris
1285 1807 1319 1872 in
1333 1804 1418 1871 nullo

147 1909 348 1977 *dementes
371 1929 429 1992 pro
451 1909 593 1976 remedio
616 1910 802 1978 animemee
825 1929 1029 1994 meorumque
1044 1913 1183 1980 omnium
1199 1910 1416 1980 detunctorum

181 2012 344 2082 offerimus
357 2019 391 2080 et
402 2013 558 2082 stabiliter
574 2014 727 2082 donamus
738 2017 806 2096 tibi,
834 2017 1015 2083 beatissimo
1039 2015 1273 2100 O(brisogono),
1295 2015 1417 2081 martiri

182 2117 332 2203 glorioso,
349 2125 382 2186 et
396 2137 454 2203 per
471 2125 504 2185 te
519 2119 646 2185 domino
668 2121 775 2204 Patro,
800 2126 855 2188 tue
877 2128 986 2188 sancte
1008 2122 1080 2188 aule
1104 2122 1198 2206 digno
1222 2121 1340 2200 abbati,
1363 2139 1417 2186 no-

181 2229 281 2290 stram
302 2224 463 2306 propriam
479 2223 613 2289 insulam
629 2225 787 2292 innostro
804 2225 971 2292 dalmatico
987 2228 1066 2292 mari
1082 2227 1186 2306 sitam,
1210 2244 1272 2310 que
1287 2230 1420 2292 uocatur

181 2328 317 2405 lllauni,⁴
341 2329 391 2395 cui
413 2345 451 2393 ex
474 2329 618 2395 orientali
641 2334 733 2411 parta
755 2329 881 2397 adiacet
902 2330 1015 2408 insula,
1047 2350 1108 2413 quc
1130 2333 1162 2397 in
1194 2331 1316 2415 uulgari
1339 2329 1418 2396 scla-

180 2434 293 2502 uonico
320 2431 466 2520 „Uerul⁸
488 2439 697 2516 nuncupatur,
721 2440 758 2500 ut
779 2453 850 2500 eam
869 2435 985 2502 habeat
1000 2443 1034 2502 et
1049 2436 1212 2518 possideat
1225 2437 1256 2500 in
1273 2443 1418 2502 eternum

180 2539 304 2622 absque
327 2537 477 2620 cuiusque
499 2538 677 2606 mortalium
700 2540 918 2622 inquietudine
939 2540 1114 2624 predictum
1130 2541 1320 2608 sanctissimi
1335 2559 1419 2606 mar·

180 2644 253 2710 tiris
275 2641 518 2722 monasterium3
542 2661 615 2708 nam
637 2644 683 2710 sic
704 2644 788 2710 bona
810 2651 920 2711 nostra
942 2644 1082 2712 decreuit
1104 2645 1253 2712 uoluntas
1276 2663 1415 2710 annuen-

182 2748 267 2814 tibus
289 2753 324 2813 et
345 2746 596 2829 supplicantibus
612 2748 753 2814 uniuersi
775 2751 877 2816 nostri
900 2750 989 2833 regni
1011 2749 1215 2832 principibus.
1245 2749 1293 2816 Ut
1314 2755 1418 2816 autem

179 2852 373 2919 bec·nostra
395 2851 523 2918 donatio
545 2853 578 2917 in
599 2859 742 2920 eternum
758 2852 909 2920 fundetur
930 2859 963 2920 et
977 2853 1151 2920 stabilitate
1177 2860 1333 2936 perpetua
1348 2873 1419 2936 per·

181 2963 319 3038 seuerat,
339 2975 410 3023 eam
422 2961 532 3023 nostra
546 2963 789 3042 nostrorumque
806 2959 1025 3041 episcoporum
1041 2960 1246 3026 attestatione
1262 2960 1417 3042 simulque

181 3081 253 3130 cum
277 3063 448 3130 testatione
471 3061 674 3144 astringimus
697 3068 731 3130 et
752 3063 978 3130 inuiolabiliter
999 3065 1214 3146 premunimus
1227 3069 1414 3142 statuentes,

180 3173 218 3235 ut
248 3167 427 3250 quicunque
457 3167 652 3248 mortalium,
680 3169 842 3236 immemor
872 3167 971 3234 diuini
1001 3170 1154 3235 examinis
1185 3175 1219 3236 at
1248 3187 1419 3252 paruersor

180 3278 292 3340 nostre
310 3272 398 3354 regie
420 3271 594 3356 dignitatis,
618 3271 756 3339 uoluerit
778 3293 914 3357 unquam
939 3293 1020 3340 ausu
1035 3275 1202 3340 temerario
1221 3274 1261 3341 de
1276 3274 1420 3355 predicta

178 3376 295 3461 insuda,
322 3375 453 3444 anobis
475 3375 626 3461 regaliter
648 3395 808 3456 concessa,
831 3377 1057 3446 monasterinm
1081 3379 1272 3446 sanctissimi
1293 3377 1419 3445 Chriso-

180 3483 292 3566 sogoni
314 3482 491 3563 inquietare
518 3481 674 3564 simulque
703 3489 815 3549 nostra
838 3485 909 3550 iure
931 3483 1138 3563 confundere,
1169 3485 1311 3549 incurrat
1339 3485 1419 3548 iram

180 3605 281 3670 super
302 3587 382 3652 iram
404 3585 504 3654 futuri
525 3586 641 3666 iudicii,
665 3593 698 3654 et
719 3588 763 3654 sit
774 3607 847 3656 reus
862 3589 894 3654 in
910 3595 1080 3671 conspectu
1103 3588 1235 3655 extremi
1258 3587 1418 3666 examinis,

179 3710 252 3758 cum
275 3691 415 3771 Herode,
438 3691 523 3760 duda
546 3697 580 3757 et
592 3690 718 3759 Simone
733 3711 826 3776 mago
842 3693 1018 3776 portionem
1034 3694 1065 3759 in
1081 3699 1226 3760 eternum
1242 3692 1419 3768 habiturus,

179 3801 214 3863 et
228 3794 405 3862 antichristi
421 3796 615 3862 consortium
630 3816 848 3880 possessums,
874 3799 914 3865 ab
931 3799 1145 3882 omnipotente
1161 3799 1222 3864 deo
1238 3797 1419 3879 sanctisque

178 3899 336 3984 apostolis
357 3904 392 3966 et
413 3919 432 3968 a
454 3907 567 3968 cuncto
591 3909 773 3970 sanctorum
800 3909 871 3969 cetu
887 3909 922 3969 et
935 3903 1119 3970 beatissimo
1142 3901 1337 3985 chrisogono
1353 3921 1419 3967 ms·

179 4004 385 4072 ledictionem
399 4006 533 4088 accipiat
545 4007 776 4090 sempiternam,
789 4014 823 4074 at
834 4014 942 4074 nostre
955 4007 1054 4089 regali
1066 4007 1162 4086 curie,
1180 4006 1420 4090 quibuscunque

179 4109 419 4178 successoribus
442 4111 521 4178 meis
545 4111 684 4194 regibus,
707 4112 838 4195 iupanis,
862 4112 1028 4178 cornicibus
1050 4112 1118 4178 siue
1141 4112 1233 4178 banis
1253 4118 1423 4195 componat

181 4214 281 4282 libras
305 4215 374 4282 auri
398 4231 434 4280 .c.
459 4221 493 4282 et
515 4215 547 4280 in
569 4221 679 4283 nosue
700 4234 799 4300 regno
823 4228 977 4300 perpetuo
1000 4216 1042 4282 sit
1065 4215 1198 4283 infamis.
1220 4217 1241 4299 †
1263 4217 1333 4302 Ego
1348 4216 1423 4284 Ore·

179 4319 268 4386 simia
279 4337 336 4386 rex
347 4317 512 4387 Obroatie⁸
526 4325 622 4402 atqua
632 4319 818 4388 Dalmatie.⁷
830 4321 900 4405 Ego
914 4321 1095 4403 Stephanus
1106 4321 1125 4386 J
1128 4320 1225 4388 adare
1241 4323 1422 4403 episcopus,

182 4423 385 4508 subscripsi.⁸
414 4424 457 4491 Et
478 4425 538 4490 hec
561 4431 634 4490 sunt
663 4426 790 4492 uomina
815 4426 962 4505 testium,
993 4427 1047 4508 qui
1076 4426 1108 4492 in
1133 4424 1194 4491 hoc
1215 4424 1301 4491 facto
1325 4427 1421 4490 inter-

180 4529 328 4599 fuerunt:
351 4531 371 4612 †
394 4528 544 4612 Adamiqo
567 4531 716 4598 nonensis
737 4531 881 4615 iupanus,
904 4531 1007 4598 testis.
1030 4529 1197 4597 Boleslaus
1220 4529 1345 4596 curialis
1367 4546 1418 4594 co-

182 4653 258 4718 mes,
295 4635 399 4702 testis.
422 4633 443 4717 †
464 4633 622 4718 vilohiqo⁹
648 4635 782 4720 iupanus
806 4637 846 4703 de
874 4637 977 4716 Luca,
1007 4635 1108 4702 testis.
1133 4636 1152 4717 †
1181 4635 1317 4702 Volessa
1345 4633 1417 4714 ded,

182 4739 283 4808 tastis.
306 4741 326 4822 ‘r
349 4739 667 4822 Budaq'0postelnic,
691 4741 917 4808 berberisticus
932 4741 1076 4824 iupanus,
1101 4739 1202 4808 testis.
1222 4737 1419 4819 idohannes
