3602 5304
341 437 404 500 260

341 637 466 706 duobus
489 639 649 717 cornibus,
673 657 730 704 seu
753 658 772 703 a
794 637 934 704 dexteris
958 642 991 704 at
1012 657 1033 702 a
1054 637 1202 716 sinistris,
1226 654 1281 702 eos
1298 635 1448 718 (Abaros)
1471 633 1582 716 impel-

342 743 448 823 lebat;
479 749 513 809 et
535 742 684 823 qnoniam
708 748 856 822 stagnum
879 740 956 808 locis
986 740 1049 805 illis
1077 740 1225 824 suberat,
1256 739 1288 804 i'n
1312 738 1413 804 undas
1437 756 1493 805 cos
1517 737 1584 803 adi-

342 848 450 930 gebat.
486 845 573 923 Quas
603 863 674 909 cum
706 845 805 910 oculis
828 845 1047 926 prospicerent
1069 850 1103 908 et
1125 845 1241 908 circum
1264 861 1319 908 aas
1341 842 1456 908 misere
1479 841 1579 924 agita·

343 958 462 1030 rentur,
487 951 557 1016 dira
579 949 611 1014 in
633 949 709 1030 ipsis
732 954 833 1014 morte
858 946 1104 1013 suffocabantur.
1133 946 1281 1011 Plurimis
1304 946 1410 1029 igitur,
1434 953 1469 1011 et
1491 945 1586 1011 simul
1633 931 1640 948 '

346 1053 480 1137 chagani
503 1051 584 1128 filiis,
609 1051 666 1117 tali
688 1052 784 1117 modo
808 1052 978 1117 submersis
1000 1051 1247 1115 illustrissimam
1272 1050 1433 1116 victoriam
1457 1049 1585 1114 Priscus

342 1157 461 1223 retulit.
484 1155 533 1222 Eo
557 1156 639 1222 euim
663 1173 836 1237 corrgrcssu
859 1154 1065 1220 barbarorum
1094 1158 1206 1219 15.000
1229 1154 1325 1218 vitam
1350 1154 1494 1220 amisere.

383 1259 567 1342 chaganus,
599 1277 662 1324 non
685 1259 754 1323 sine
776 1257 932 1339 periculo,
965 1257 1071 1322 salvus
1095 1257 1135 1322 ad
1159 1256 1284 1322 Tissnm
1306 1256 1436 1322 fluvium
1464 1256 1576 1323 evasit.

344 1365 406 1429 Die
428 1363 588 1429 tricesimo
611 1362 766 1428 barbarus
789 1362 959 1427 exercitum
984 1361 1024 1425 ad
1049 1367 1195 1440 quartum
1212 1360 1366 1441 proelium
1381 1359 1581 1426 instauravit.

342 1467 436 1545 Quod
459 1465 552 1532 simul
575 1465 638 1529 (lux
659 1463 820 1529 Romanus
845 1463 1005 1545 comperit,
1030 1465 1126 1528 etiam
1150 1465 1220 1544 ipse
1242 1463 1283 1529 ad
1307 1463 1433 1529 Tissum
1456 1481 1582 1528 amnem

342 1575 484 1636 armatus
505 1568 634 1650 prodiit.
663 1567 712 1633 Ab
735 1566 878 1648 utrisque
902 1565 1111 1632 communiter
1134 1565 1204 1632 dies
1226 1566 1267 1631 ad
1290 1565 1467 1632 conflictum
1490 1585 1582 1648 praa-

344 1674 489 1740 stituitur
507 1724 512 1737 .
532 1721 564 1736 ..
590 1671 724 1737 Romani
748 1670 882 1736 viriliter
905 1677 938 1734 at
961 1671 1100 1736 animose
1117 1669 1281 1735 certamini
1304 1671 1488 1736 insistentes
1509 1670 1582 1736 bar·

342 1779 438 1843 baros
473 1775 710 1842 debellant...
749 1773 877 1840 Priscus
912 1781 1048 1858 quatuor
1081 1773 1179 1839 millia
1211 1775 1252 1838 ad
1286 1773 1411 1840 Tissum
1445 1775 1582 1840 vicinum

343 1881 459 1949 flumen
482 1879 710 1945 transeundum
734 1877 937 1958 hostiumque
957 1883 1060 1943 motus
1084 1885 1116 1943 at
1136 1877 1581 1963 ,inclinationesexplorandas

344 1991 502 2068 segregat.
539 1981 718 2048 Transeunt
741 1986 774 2046 at
796 1977 962 2046 offendunt
984 1979 1178 2062 Gepidarum
1203 1981 1292 2048 uillas
1314 1988 1381 2049 tras
1398 2033 1404 2047 .
1422 2032 1454 2047 ..
1489 1981 1583 2048 Vice-

342 2090 422 2155 sima
451 2088 522 2152 luce
557 2086 662 2150 denuo
695 2084 850 2150 barbarus
882 2083 923 2149 ad
953 2083 1073 2150 huncca
1102 2082 1232 2151 fluvium
1263 2091 1369 2168 copias
1399 2091 1580 2169 congregat,

344 2210 406 2275 quo
429 2192 462 2256 in
484 2192 554 2256 loco
578 2189 775 2254 atrocissimo
799 2193 831 2252 et
853 2188 995 2270 inprimis
1026 2188 1223 2254 memorabili
1247 2191 1366 2272 proelio
1390 2192 1581 2268 decertatur,

341 2297 374 2362 in
398 2313 460 2376 quo
482 2292 620 2377 barbari,
644 2299 680 2357 ut
703 2292 812 2373 paucis
835 2290 947 2370 dicam,
971 2309 1087 2374 magna
1110 2293 1226 2358 uirtute
1250 2295 1324 2360 uicti
1339 2300 1372 2361 et
1387 2295 1479 2375 aquis
1499 2312 1582 2358 sum·

341 2399 436 2466 mersi
463 2404 545 2464 sunt.
1365 2401 1367 2408 '

385 2499 560 2588 Ἐζωγρεϊτο
589 2489 622 2562 δὲ
653 2499 731 2586 μετὰ
760 2498 816 2568 τὴν
849 2493 946 2568 ἧτταν
1020 2499 1146 2565 Servati
1170 2509 1204 2566 at
1226 2503 1326 2586 eapti,
1360 2503 1491 2569 obtenta
1518 2503 1581 2567 vic-

242 2686 247 2695 1
340 2607 377 2670 τὰ
405 2603 564 2692 βάρβαρον,
598 2605 647 2665 καὶ
678 2602 798 2672 ἥλωσαν
827 2600 948 2688 Ἂβαροι
978 2603 1067 2680 toria,
1085 2603 1226 2669 Aliarum
1242 2605 1303 2670 tria
1319 2605 1425 2690 millia,
1449 2605 1582 2671 aliorum

340 2709 393 2796 μὲν
425 2709 591 2795 τρισχίλιοι,
627 2703 713 2769 ἄλλοι
747 2695 780 2768 δὲ
814 2703 949 2792 βάρβαροι
979 2706 1184 2773 barbarorum
1214 2727 1292 2775 sena
1317 2709 1416 2775 millia
1443 2709 1581 2789 ducenti,

340 2813 408 2901 πρὸς
437 2822 501 2884 aar
532 2809 652 2898 τὲτρσισι
680 2807 788 2896 χιλιάσι
818 2799 950 2894 δισχίλισί
981 2807 1206 2879 sclavenorum
1218 2817 1288 2880 octo
1301 2813 1407 2878 millia.
1425 2811 1581 2879 Omnibus

340 2939 376 2980 τε
399 2918 449 2980 καὶ
471 2907 618 2988 διακόσιοι,
642 2915 691 2976 καὶ
706 2910 887 2994 Σκλσιβηνῶν
901 2935 947 3000 χι-
977 2913 1094 2980 iniecta
1125 2917 1249 2982 vincula
1279 2923 1311 2984 et
1333 2918 1365 2982 iu
1388 2916 1498 2983 urbem
1521 2915 1580 2982 Go-

339 3012 436 3094 tutta
459 3019 549 3082 ὀκτώ.
583 3016 663 3081 οὕτω
686 3015 738 3103 μὲν
760 3008 809 3078 οὖν
832 3016 946 3103 [toppu-
977 3037 1080 3084 meum
1104 3039 1123 3086 a
1145 3022 1225 3088 duce
1247 3021 1343 3088 missi.

340 3117 438 3198 ituras
471 3113 584 3210 δεσμοῖς
620 3109 828 3207 παρεδίδοντο,
866 3124 882 3182 ὁ
915 3109 948 3183 δὲ

336 3227 505 3316 ,στρατηγὸς
527 3227 557 3289 ἐν
585 3221 680 3312 Τομεῖ
706 3234 746 3307 τῇ
775 3222 859 3288 πόλει
880 3224 948 3296 τοὺς

339 3329 651 3420 λαφυραγωγηθέντας
697 3327 853 3416 βαρβάρους
889 3325 948 3410 ἑξέ·

340 3457 449 3522 milite.

354 3619 362 3634 .
434 3574 652 3650 Theophylaeti
667 3573 769 3633 histor.
786 3573 836 3631 lib.
853 3573 925 3632 VIII
941 3591 967 3632 o.
987 3573 1079 3632 1-4.
1095 3571 1143 3632 ed.
1159 3574 1253 3633 Bonu.
1270 3575 1418 3635 Historiae
1433 3577 1514 3638 misc.
1530 3577 1581 3637 lih.

385 3663 480 3732 XVII,
498 3679 527 3738 p.
547 3663 618 3720 120.
635 3659 809 3734 Theophan.
827 3657 1064 3744 chronographia
1079 3676 1109 3734 p.
1126 3661 1189 3718 434
1205 3677 1244 3720 ss.
1261 3661 1308 3720 ed.
1325 3661 1416 3723 Bonn.

428 3749 552 3808 Muralt:
568 3747 654 3806 Eaaai
670 3747 707 3804 de
724 3744 967 3824 chronographie
983 3745 1140 3820 byzantina
1155 3747 1179 3823 Ι,
1197 3747 1270 3807 260.

428 3836 501 3894 Po'at
510 3834 588 3892 illam
601 3834 629 3892 in
642 3833 819 3892 Dalmatiam
833 3831 1023 3906 irruptionem
1045 3827 1088 3909 (v.
1109 3849 1153 3890 nr.
1178 3827 1234 3913 43)
1254 3835 1475 3909 sequentianno
1489 3819 1581 3914 (599)

385 3922 537 3996 chaganus
563 3918 700 3978 Comaam
727 3905 848 4004 (Τομέα)
871 3917 1001 3976 Moaaiao
1024 3917 1126 3977 urbem
1150 3916 1331 3993 adgreditur.
1359 3920 1479 3981 Priscus
1497 3919 1583 4001 „urbi

385 4007 513 4067 afflictae
537 4023 600 4064 cum
626 4004 735 4063 anxilio
752 4005 869 4063 adeam.
897 4004 1022 4062 Romani
1038 4007 1068 4062 ot
1082 4003 1173 4063 Avari
1189 4010 1252 4120 {ota
1267 4006 1363 4066 hieme
1379 4009 1582 4106 perseverant.

385 4085 818 4258 ultusultus
833 4091 1583 4253 ruttulsrrrtmtrutum.

385 4267 489 4325 Prisco
505 4265 543 4322 ad
559 4265 666 4330 Istrum
683 4263 849 4339 Nicopolim
867 4262 970 4320 uer'sns
986 4261 1118 4341 mittitur,
1143 4267 1176 4322 ut
1191 4264 1342 4340 chaganus
1358 4267 1440 4326 urbis
1455 4261 1584 4324 obsidio-

386 4369 452 4411 nem
477 4352 577 4410 lavare
600 4353 732 4424 cogatur.
761 4349 919 4425 Chaganus
945 4367 977 4409 ra
993 4349 1058 4426 ipsa
1076 4347 1238 4433 „advorsus
1254 4369 1320 4411 anm
1336 4351 1500 4428 procedit“,
1528 4349 1583 4410 Oo-

385 4437 541 4498 mentiolus
559 4447 628 4493 vero
655 4434 713 4511 „ad
729 4435 843 4494 latrum
860 4432 981 4494 nrbem“
1000 4443 1159 4516 proparat3
1181 4436 1248 4496 dain
1266 4437 1399 4498 devictus
1418 4437 1523 4512 „foede
1538 4436 1583 4496 lh·

388 4525 472 4600 giens
487 4521 644 4596 Drizlpara
659 4520 751 4596 vonit,
767 4520 816 4578 ubi
833 4522 913 4580 eires
924 4521 1070 4580 imbellam
1083 4523 1186 4580 ducam
1200 4525 1382 4584 contumeliis
1395 4533 1424 4583 et
1436 4523 1583 4598 lapidibus

386 4611 538 4685 abigunt¹‘.
566 4605 658 4665 Avari
674 4605 796 4664 'hostem
818 4607 1006 4680 insequentes
1029 4608 1213 4682 Driniparam
1237 4611 1373 4684 capiunt,
1397 4615 1427 4669 at
1449 4611 1507 4668 iam
1522 4609 1582 4683 By·

385 4696 514 4756 nanuum
537 4709 647 4770 capara
670 4693 837 4752 moliuntur.
868 4693 930 4771 „llo
955 4695 1045 4769 igitur
1061 4697 1204 4754 malornm
1220 4711 1268 4756 ras
1284 4696 1443 4772 byzantina
1459 4695 1581 4785 delapsa
