3572 5276
1408 337 1467 400 att

225 541 334 610 σθῆναι
354 543 405 604 καὶ
426 536 496 604 εἶναι
514 540 592 604 ὥστε
607 541 637 625 ἐξ
650 543 742 628 ἀρχῆς
760 543 833 606 ὑπο-
863 541 1002 608 nendum
1045 547 1174 626 essent,
1220 541 1470 624 baptizarentur,

224 640 424 729 τιταῃιένονς
454 651 495 725 τῇ
523 642 656 725 βασιλείᾳ
677 651 740 705 τῶν
760 640 834 704 Ῥω
865 649 1044 724 essentque,
1069 643 1166 709 veluti
1187 644 1227 710 ab
1251 644 1384 725 origine,
1413 645 1471 709 im·

225 745 328 833 putus·
353 738 393 808 ὧν
414 753 499 808 τινῶν
519 743 689 819 εἰσακούσας
703 749 719 808 d
735 749 833 833 μακά-
863 747 953 830 perio
987 747 1131 813 Ronmno
1166 742 1308 813 subiecti.
1349 746 1471 814 Horum

224 870 278 936 ριος
315 853 419 922 ἐκεῖνος
452 851 502 912 καὶ
535 839 663 935 ἀοίδιμος
696 849 833 932 βασιλεὺς
864 851 1012 933 precibus
1035 850 1152 916 auditis
1173 850 1288 917 beatus
1307 850 1361 917 ille
1377 868 1469 932 prae-

224 951 412 1038 ἐξαπέστειλε
422 951 570 1034 βασιλικὸν
581 951 719 1038 ρκτοὶκαὶ
727 952 832 1040 ἱερέων,
863 954 1032 1036 clarusque
1054 954 1227 1034 imperator
1251 954 1470 1020 caesarianum

228 1055 278 1118 καὶ
307 1055 464 1138 ἐβάπτισεν
495 1054 602 1129 αὐτοὺς
630 1056 745 1128 πάντας
767 1057 835 1130 τοὺς
865 1077 928 1124 una
951 1076 1022 1123 cum
1045 1057 1262 1124 sacerdotibus
1283 1057 1378 1138 misit,
1403 1075 1470 1124 om·

225 1167 286 1222 των
308 1157 532 1246 προρρηθέντων
561 1161 655 1221 ἐθνῶν
683 1159 831 1242 ἀβαπτίσ-
862 1177 983 1242 nesqne
1016 1161 1104 1240 illes,
1141 1161 1195 1241 qui
1229 1161 1262 1225 in
1296 1159 1468 1242 praedictis

224 1283 293 1334 τους
307 1259 521 1348 τιγχάνοντας·
540 1263 590 1324 καὶ
605 1261 684 1348 μετὰ
698 1261 736 1324 τὰ
752 1262 831 1343 βαπ-
861 1263 1009 1344 gentibus
1032 1263 1171 1330 nondum
1196 1264 1346 1346 baptizati
1363 1267 1464 1342 erant,

129 1423 138 1430 .
224 1366 364 1435 τισθῆναι
393 1363 519 1439 adroic,
551 1363 625 1427 τότε
647 1363 829 1451 προεβάλετο
860 1366 1043 1448 baptizavit.
1067 1365 1224 1448 Baptizati
1248 1371 1356 1431 autem
1378 1367 1464 1449 prin·

225 1471 263 1541 εἰς
284 1467 391 1540 αι’ποὺς
406 1473 552 1554 ἄρχοντας
566 1470 614 1540 οὓς
633 1467 740 1532 ἐκεῖνον
759 1466 833 1538 ibr-
863 1469 966 1551 cipes‚
998 1467 1176 1553 designavit
1186 1520 1196 1555 ,
1234 1487 1313 1551 quos
1339 1468 1467 1548 vellent,

224 1573 276 1634 λον
305 1573 355 1634 καὶ
378 1569 549 1658 προέκρινον,
579 1571 640 1634 ἀπὸ
669 1580 770 1659 γενεαῖς
799 1566 833 1645 ἧς
862 1571 1018 1655 eligerent
1041 1592 1059 1638 e
1082 1572 1191 1656 stirpe,
1215 1585 1310 1655 quam
1333 1571 1468 1638 maxime
1511 1587 1518 1600 ·

226 1674 327 1738 ἐκεῖνοι
345 1671 469 1760 ἠγάπων
490 1675 540 1737 καὶ
551 1678 696 1761 ἔστεργον.
719 1677 769 1738 καὶ
783 1679 832 1737 ἐκ·
862 1675 1033 1757 diligerent
1054 1693 1092 1741 ac
1114 1679 1266 1742 amarent.
1300 1674 1406 1758 Atque
1428 1692 1468 1741 ex

227 1799 300 1840 τοτα
333 1775 417 1864 μέχρι
449 1787 504 1840 τοῦ
522 1786 571 1840 νῦν
594 1783 627 1840 ὲκ
649 1786 711 1841 τῶν
733 1781 832 1842 αὐτῶν
863 1797 901 1844 eu
925 1786 1069 1861 tempore
1090 1780 1124 1843 in
1146 1779 1335 1846 hodiernum
1366 1796 1467 1860 nsque

226 1889 332 1967 γινιῶν
353 1881 483 1966 γίνονται
504 1878 643 1969 ἄρχοντος
662 1885 699 1954 εἰς
714 1879 831 1956 αὐτοὺς,
862 1882 948 1948 diem
980 1881 1139 1964 principes
1172 1883 1250 1963 ipsis
1283 1900 1323 1949 cx
1353 1881 1466 1948 eadem

225 1984 275 2045 καὶ
309 1984 362 2044 οὐκ
392 1981 425 2065 ἐξ
451 1980 560 2069 ἐτέρας.
584 1984 611 2044 οἱ
630 1972 663 2045 δὲ
685 1979 832 2069 Παγανοὶ,
863 1985 964 2066 stirpe
994 1991 1028 2050 et
1059 2003 1122 2049 nen
1145 1983 1273 2050 aliunde
1296 1983 1467 2066 eliguntur.

227 2087 254 2148 ot
275 2087 325 2149 καὶ
346 2094 388 2170 τῇ
405 2081 560 2171 Ῥωμαίων
574 2075 722 2168 διαλέκτῳ
737 2084 832 2173 'Apsa-
862 2088 984 2170 Pagani
1012 2094 1136 2168 autem,
1168 2089 1222 2170 qui
1253 2093 1286 2153 et
1315 2085 1468 2154 Arentani

225 2191 309 2252 τανοὶ
331 2188 514 2276 καλούμενοι,
537 2193 574 2262 εἰς
597 2179 760 2272 δυσβάτοις
781 2189 835 2253 τό·
865 2191 1081 2258 Romanorum
1089 2190 1376 2274 linguanuncnpati
1385 2197 1460 2257 sunt

225 2313 297 2366 πονς
318 2294 369 2356 καὶ
390 2281 575 2380 κρηρινώδτις
592 2293 833 2380 καττλτίρθοσαν
862 2294 895 2359 in
932 2294 1010 2362 locis
1044 2295 1213 2361 inaccessis
1247 2299 1343 2375 atque
1376 2311 1468 2376 prae·

224 2395 413 2478 ἀβαπτιστοι·
444 2398 494 2458 καὶ
515 2395 571 2484 γὰρ
593 2393 730 2482 Παγανοὶ
751 2395 833 2460 κατὰ
863 2399 965 2480 ruptis
981 2398 1131 2480 baptismi
1146 2403 1293 2480 expertes
1310 2396 1468 2478 relinque·

224 2497 281 2569 τὴν
311 2507 373 2563 τῶν
398 2495 544 2582 Σκλάβων
574 2497 833 2587 plebescentis·
862 2501 996 2580 bantur,
1016 2500 1138 2583 Pagani
1153 2499 1469 2584 quippeSclavorum

224 2624 320 2666 τιστοι
342 2601 556 2690 ἑρμηνεύονται.
575 2601 663 2690 ,past
685 2592 718 2666 δὲ
739 2612 833 2666 τοῦτο
863 2603 971 2688 lingna
1008 2623 1071 2670 non
1113 2603 1268 2687 baptizati
1310 2604 1467 2670 dicuntur.

224 2707 276 2769 καὶ
286 2706 373 2769 αὐτοὶ
384 2706 614 2780 ἀποοτειλαντες
627 2705 728 2780 εἰςτόν
743 2706 835 2769 αὐτὸν
864 2707 1024 2790 Deinceps
1054 2726 1129 2774 vere
1159 2708 1255 2774 etiam
1284 2707 1334 2784 hi,
1367 2707 1469 2772 missis

223 2798 354 2896 ἀοίδιμον
369 2807 492 2890 βασιλέα
519 2809 700 2894 ἐξῃτήσαντο
724 2810 833 2892 βαπτι-
863 2810 904 2875 ad
928 2811 1061 2876 eundem
1083 2809 1283 2892 praeclarum
1298 2810 1469 2892 imperato·

226 2913 336 2984 σθῆναι
371 2913 421 2975 καὶ
450 2914 544 2975 αὐτοὶ·
569 2914 619 2975 καὶ
651 2912 830 2986 ἀποστείλας
860 2932 928 2980 rem
951 2913 1083 2996 legatie,
1106 2915 1269 2995 petierunt
1290 2912 1465 2995 baptizari,

225 3012 367 3098 ἐβάπτισα
388 3018 439 3078 καὶ
466 3015 582 3089 αὐτοὺς.
617 3017 680 3079 ἐπεὶ
709 3007 759 3090 δὲ,
793 3020 833 3090 ὠς
862 3017 949 3082 misit
966 3017 1076 3099 itaque
1091 3021 1125 3084 et
1140 3015 1320 3098 baptizavit.
1343 3013 1468 3082 Deinde

224 3117 401 3207 spetpapau,
425 3115 474 3183 διὰ
492 3119 548 3190 ria
570 3129 630 3183 τῶν
645 3119 832 3206 κρατούντων
861 3138 947 3201 vero,
970 3126 1007 3186 ut
1028 3125 1124 3186 antea
1143 3120 1215 3196 dini,
1239 3139 1298 3201 per
1312 3120 1468 3201 imperan-

225 3221 405 3310 νωθρότιτα
434 3225 484 3286 καὶ
512 3223 651 3311 ἀφέλειαν
678 3228 716 3296 εἰς
737 3223 833 3286 κατό-
863 3226 942 3290 tium
971 3224 1128 3307 ignaviam
1161 3229 1259 3305 atque
1289 3223 1468 3290 secordiam

224 3347 273 3390 τιν
294 3325 336 3389 τοὶ
358 3335 419 3389 τῶν
440 3323 595 3413 Ῥωμαίων
619 3319 716 3396 ἦλθον
738 3324 833 3413 πράγ-
863 3333 949 3394 retro
964 3327 1073 3410 lapsae
1089 3331 1163 3394 sunt
1178 3345 1230 3393 res
1246 3327 1467 3408 Romanorum,

225 3451 330 3516 ριατα,
362 3431 413 3493 καὶ
444 3431 471 3493 οἱ
503 3428 545 3492 τοὶ
578 3437 632 3503 τῆς
661 3429 832 3516 Δολψατίας
862 3449 900 3496 ac
923 3431 1043 3497 incolae
1078 3429 1265 3514 oppidorum
1289 3428 1468 3495 Dalmatiae

224 3529 340 3620 κάστρα
361 3537 506 3604 οἰκοῦντες
527 3532 679 3619 γεγόνασιν
705 3531 830 3597 αὺτοκέ-
860 3535 910 3600 sui
926 3536 1002 3600 iuris
1023 3533 1107 3613 facti,
1131 3550 1234 3614 neque
1250 3533 1392 3598 Romane
1408 3533 1466 3597 im·

225 3639 331 3725 ραλοι,
364 3635 443 3723 μήτε
470 3645 517 3718 τῷ
547 3636 661 3717 βασιλεῖ
679 3633 832 3724 Ῥωμαίων
861 3637 1002 3720 peratori
1017 3654 1121 3718 neque
1140 3637 1287 3718 cuiquam
1303 3637 1395 3702 alteri
1410 3654 1469 3718 pa·

225 3739 304 3826 μήτε
325 3737 410 3820 ἄλλῳ
431 3741 486 3802 τινὶ
508 3741 699 3826 ὑποκείμενα.
861 3746 1003 3806 ruerunt.

313 3863 521 3926 Constantinus
536 3864 679 3942 porphyr.
697 3865 735 3926 de
749 3864 857 3926 sdmin.
874 3865 977 3942 imper.
994 3883 1020 3926 c.
1038 3867 1089 3945 29,
1106 3881 1135 3942 p.
1157 3867 1216 3925 129
1233 3863 1280 3927 ed.
1295 3863 1390 3924 Bonn.

269 4047 338 4137 'Ap'
360 4041 394 4112 οὗ
416 4039 833 4138 δὲκατεσνιήνωσανοὶειρη-
906 4051 1040 4133 Exque
1064 4050 1138 4116 dicti
1168 4049 1231 4114 iam
1252 4045 1356 4115 Sclavi
1378 4047 1467 4114 inha-

225 4151 305 4240 μένοι
325 4149 468 4238 Σκλάβοι,
491 4151 718 4240 κατεκράτησαν
732 4161 831 4217 πᾶσαν
861 4155 1013 4234 bitarunt,
1038 4153 1170 4218 finitima
1197 4150 1378 4218 Dalmatiae
1401 4169 1468 4218 em·

223 4255 280 4326 rin
298 4257 456 4344 περίχωρον
472 4254 652 4342 Δαλματίας.
673 4255 831 4344 ἐργάζοντο
860 4259 913 4322 nia
936 4262 1145 4340 occuparunt,
1171 4256 1331 4337 urbesque
1352 4256 1468 4322 Roma·

225 4351 259 4424 δὲ
287 4359 330 4423 τά
358 4359 473 4447 κάστρα
505 4368 567 4424 τῶν
596 4357 750 4446 Ῥωμαίων
778 4359 833 4434 τάς
862 4379 974 4428 norum
997 4361 1117 4427 insulas
1134 4360 1288 4432 colebant,
1314 4347 1469 4441 exiietluo

225 4463 338 4551 νήσους,
361 4465 412 4528 καὶ
433 4464 515 4549 ἐζοον
537 4463 698 4548 ἐξαύτῶν·
721 4463 778 4527 ὑπὸ
800 4455 834 4528 δὲ
861 4465 1021 4533 vivebant.
1045 4464 1087 4529 At
1110 4481 1180 4530 cum
1201 4465 1344 4546 quotidie
1366 4483 1386 4529 a
1407 4464 1468 4531 Pa·

230 4565 450 4656 τῶνΠαγανῶν
460 4566 533 4632 καθ’
544 4565 674 4639 ἑκάστην
687 4565 836 4656 ὲπαιῃωι-
864 4570 955 4652 genis
997 4567 1114 4650 captivi
1158 4567 1392 4704 abducerentur
1434 4573 1469 4633 et
