3604 5276
307 327 371 394 260

306 527 423 596 hostile
438 529 554 612 quippe
571 528 750 595 incendium
766 534 1007 612 consumpserat
1022 525 1138 606 omnia,
1161 533 1267 594 turres
1283 533 1317 592 et
1332 527 1459 594 moenia
1474 545 1546 608 pro·

309 636 414 696 strata
436 631 601 709 iacebant;
627 633 728 696 solum
751 631 867 696 theatri
888 630 1075 712 aedificium,
1100 631 1186 712 quod
1200 632 1232 695 in
1248 629 1437 696 occidentali
1458 635 1548 713 parte

309 741 523 800 constructum
555 734 675 811 fuerat,
712 735 816 800 adbuc
846 737 1003 816 integrum
1034 735 1231 800 remanebat.
1267 733 1319 799 Sic
1341 751 1418 816 ergo
1441 733 1547 799 miseri

309 837 393 904 cives
415 837 490 904 hinc
513 857 617 905 rerum
640 839 837 921 urgebantur
860 837 975 920 iuopia,
999 838 1085 902 illinc
1107 843 1211 902 metus
1234 837 1337 903 adhuc
1364 837 1549 903 deterrebat

308 943 443 1010 hostilis.
475 943 520 1007 Et
550 943 623 1023 quia
654 961 728 1024 pars
759 961 874 1024 magna
905 961 1014 1008 aarum
1047 961 1104 1023 per
1127 943 1236 1007 orbem
1259 948 1329 1007 erat
1351 941 1495 1023 dispersa
1517 945 1551 1006 et

309 1048 370 1130 ipsi
394 1047 487 1130 pauci
511 1053 543 1112 et
564 1047 676 1129 inopes
699 1051 924 1130 remanserant,
958 1046 998 1111 de
1021 1044 1256 1112 reaedificanda
1279 1045 1406 1112 civitate
1431 1045 1548 1112 delibe-

309 1169 381 1218 rare
405 1169 469 1218 non
492 1151 749 1233 praesumebant.
785 1149 880 1216 Unde
902 1148 1020 1214 iactum
1045 1156 1105 1235 est,
1126 1154 1163 1214 nt
1184 1149 1283 1232 aliqui
1306 1169 1344 1216 ex
1365 1149 1452 1230 ipsis,
1478 1169 1550 1214 exe·

310 1261 405 1320 nutes
430 1255 469 1320 de
493 1255 622 1334 insulis,
653 1274 711 1337 per
741 1255 884 1319 diversas
916 1259 1029 1334 partes·
1048 1253 1208 1320 dalmatici
1231 1253 1346 1318 littoris
1370 1257 1551 1335 opportuna

311 1359 373 1424 sibi
396 1357 436 1424 ad
459 1357 667 1423 habitandum
697 1358 768 1424 loca
790 1357 997 1439 quaerebant.
1034 1356 1167 1434 Quidam
1191 1376 1302 1422 uersus
1325 1355 1549 1422 occidentalem

311 1465 436 1546 plagam
460 1463 645 1548 navigantes
665 1465 705 1529 ad
728 1469 853 1545 portum
878 1464 1040 1529 cuiusdam
1063 1464 1150 1530 urbis
1174 1466 1323 1544 antiquae
1346 1463 1402 1529 sed
1426 1462 1551 1528 dirutae

313 1569 545 1652 applicuerunt,
570 1575 604 1634 et
625 1569 768 1633 videntes
791 1567 895 1632 locum
918 1567 994 1650 satis
1010 1567 1146 1632 habilem
1170 1567 1211 1632 ad
1235 1567 1436 1640 manendum,
1460 1584 1552 1647 para-

202 1737 204 1742 ,
312 1679 428 1739 verunt
457 1673 501 1738 ibi
532 1672 661 1752 aliquod
690 1672 934 1749 munimentum,
966 1677 999 1737 et
1020 1672 1244 1736 habitaverunt
1274 1674 1305 1736 iu
1330 1689 1378 1736 eo.
1413 1671 1457 1734 iit
1479 1670 1553 1752 quia

313 1777 393 1845 situs
416 1778 477 1844 loci
500 1782 632 1858 propter
654 1777 835 1842 adiacentes
859 1776 980 1842 insulas
996 1783 1030 1840 et
1045 1783 1177 1858 propter
1200 1775 1456 1842 commoditatem
1479 1793 1552 1857 por·

312 1887 366 1948 tus
391 1882 521 1947 multum
556 1881 601 1946 eis
631 1881 795 1962 placebat,
828 1897 890 1944 uon
919 1879 1081 1946 habebant
1099 1879 1161 1944 ianr
1185 1897 1317 1945 necesse
1339 1879 1381 1944 ad
1404 1878 1553 1944 Salonam

313 1986 435 2064 redire3
467 1984 541 2048 nibil
573 1985 657 2048 enim
688 1985 733 2047 eis
764 1983 932 2049 videbatur
962 1983 1075 2049 deesse
1106 1989 1233 2064 praeter
1256 1980 1385 2047 fluvium
1408 1981 1552 2060 ladrum,

308 2087 367 2170 qui
398 2106 436 2152 ex
468 2086 617 2152 orientali
649 2093 740 2168 parte
771 2085 970 2151 salonitanae
1001 2087 1071 2150 urbi
1095 2086 1227 2150 multum
1251 2084 1485 2150 delectabiliter
1505 2086 1553 2150 iu·

313 2191 447 2269 fluebat,
470 2190 510 2256 de
534 2208 596 2271 quo
620 2190 736 2272 legitur
759 2189 791 2253 in
814 2189 961 2254 Lucano:
993 2208 1055 2271 qua
1078 2189 1174 2254 maris
1197 2187 1325 2254 litiniaci
1347 2188 1459 2270 longas
1481 2187 1555 2256 ierit

313 2293 399 2360 unda
422 2288 571 2370 Saluum,
607 2299 641 2357 et
670 2292 812 2374 tepidum
836 2293 868 2358 in
891 2293 991 2359 moles
1013 2293 1158 2374 zephiros
1181 2291 1319 2359 excurrit
1340 2291 1449 2358 Jader.
1484 2291 1556 2358 Hoc

312 2398 411 2482 igitur
440 2397 568 2478 saepius
601 2397 781 2461 nominatae
813 2395 884 2460 urbi
914 2413 1026 2461 nonren
1050 2395 1231 2476 impositum
1255 2400 1306 2462 est
1328 2393 1458 2476 Jadria;
1493 2395 1555 2474 vel,

314 2509 350 2567 ut
373 2501 560 2582 quibusdam
584 2498 706 2580 piacet,
738 2499 777 2564 ab
800 2499 919 2564 Jaclaro
949 2500 1112 2564 conditore
1135 2498 1246 2564 Jadria
1269 2517 1383 2564 numen
1406 2499 1555 2581 accepit⁴

357 2605 437 2670 Erat
456 2609 561 2668 autern
578 2605 660 2670 inter
677 2602 887 2681 Salouitauoa
911 2605 963 2683 qui
981 2603 1021 2668 ad
1039 2603 1195 2684 proximas
1210 2603 1329 2668 insulas
1347 2611 1555 2683 secesserant,

315 2709 363 2776 vir
392 2709 520 2790 quidam
554 2707 691 2772 Severus
721 2708 864 2789 nominc,
900 2709 989 2772 cuius
1021 2709 1133 2774 (lomus
1156 2707 1259 2772 iuerat
1279 2708 1371 2794 ¹iuria
1394 2708 1555 2774 columnas

315 2813 425 2896 palatii
449 2831 547 2894 supra
569 2831 675 2891 mare;
699 2811 750 2876 hic
770 2813 841 2894 quia
866 2831 943 2893 prae
967 2813 1101 2878 caeteris
1117 2811 1229 2877 maiori
1251 2814 1442 2879 auctoritate
1457 2813 1557 2894 polle·

317 2918 383 2996 bat,
408 2934 542 2999 magnus
567 2915 705 2981 Severus
737 2914 967 2998 appellabatur.
1002 2916 1068 2981 Iste
1099 2916 1205 2995 coepit
1227 2915 1389 2981 adhortari
1412 2918 1557 2983 concives

316 3039 401 3099 suos,
425 3027 461 3085 ut
484 3017 523 3083 ad
549 3020 682 3100 patriam
706 3020 856 3084 redirent.
881 3019 944 3085 Sed
969 3020 1041 3100 qnia
1065 3039 1128 3085 nou
1145 3024 1216 3084 erat
1230 3025 1332 3084 tutum
1349 3021 1432 3086 inter
1448 3023 1556 3086 ruinas

317 3125 406 3191 urbis
429 3125 579 3204 antiquae
601 3123 782 3189 habitacula
812 3141 945 3205 ponere,
978 3123 1163 3188 consulebat
1192 3123 1255 3198 eia,
1287 3129 1324 3187 ut
1352 3123 1383 3187 in
1414 3121 1556 3192 aedilicio

316 3227 507 3295 Diocletiani
531 3245 566 3293 se
589 3227 715 3294 interim
732 3228 918 3310 reciperent,
943 3227 997 3292 ubi
1013 3227 1154 3292 secunus
1172 3233 1402 3292 commorantes
1418 3227 1557 3310 aliquam

317 3333 429 3400 saltem
461 3331 647 3414 particulam
680 3333 728 3397 sui
759 3330 911 3398 territorii
941 3331 1079 3396 incolere
1110 3331 1177 3396 sine
1200 3349 1315 3410 magno
1338 3331 1451 3399 timore
1473 3333 1556 3398 valc-

317 3443 405 3509 rent,
437 3436 539 3500 donec
561 3435 658 3500 rebus
682 3437 864 3517 prosperius
897 3435 1138 3499 succedentibus
1163 3433 1311 3499 Salonam
1335 3435 1558 3501 reaedificandi

318 3539 470 3622 possibile
494 3535 586 3603 iuret.
612 3539 655 3602 Et
677 3539 804 3602 troadem
829 3538 948 3620 placuit
971 3539 1030 3603 boc
1054 3537 1217 3604 eonsilium
1237 3535 1394 3606 nobilibus
1409 3545 1443 3604 et
1458 3559 1558 3622 popu·

319 3644 439 3710 laribus
472 3642 644 3720 universis,
677 3648 711 3707 et
740 3642 804 3708 tale
826 3649 954 3723 pactum
977 3643 1062 3706 inter
1084 3661 1118 3707 se
1142 3648 1340 3723 statuerunt,
1371 3649 1407 3708 ut
1429 3644 1559 3710 ditiores

319 3749 378 3814 sibi
404 3747 514 3812 dumos
537 3747 674 3830 propriis
697 3747 875 3828 sumptibus
896 3745 1108 3823 aedificarent,
1134 3745 1250 3812 caeteri
1266 3765 1352 3831 varo,
1377 3746 1491 3828 quibus
1507 3767 1559 3814 res

320 3871 382 3916 nort
406 3858 477 3916 erat
499 3849 675 3926 sufficiens,
699 3870 757 3934 pro
782 3851 926 3916 domibus
951 3851 1169 3916 corrsiruendis
1192 3849 1350 3915 haberent
1371 3857 1478 3916 turres
1501 3853 1559 3916 cir·

319 3955 514 4036 compositas
538 3972 594 4035 pro
618 3954 806 4020 habitaculis
828 3955 910 4036 suis3
942 3954 1097 4032 reliquum
1121 3953 1235 4034 vulgus
1259 3951 1473 4019 habitaretis
1497 3953 1561 4020 ior·

319 4059 441 4125 uicibus
462 4064 496 4123 et
519 4058 639 4139 criptis.
663 4058 753 4122 Tunc
775 4057 958 4123 auferentes
979 4057 1094 4136 omnia,
1119 4075 1200 4138 quae
1216 4056 1377 4123 habebant
1391 4057 1423 4122 in
1437 4057 1560 4142 insutu,

320 4181 357 4228 ac
380 4162 514 4228 navibus
537 4163 737 4244 imponentes
761 4161 994 4227 transtulerunt
1017 4181 1051 4226 se
1074 4177 1144 4225 cum
1162 4160 1347 4227 mulieribus
1363 4166 1397 4227 et
1412 4162 1560 4243 parvulis,

322 4267 462 4349 exceptis
486 4265 684 4343 animalibus
709 4274 742 4331 et
763 4265 926 4332 venientes
946 4265 1144 4330 intrauerunt
1160 4265 1356 4346 praedictum
1371 4265 1559 4345 aedificium,

319 4371 403 4454 quod
434 4387 497 4435 non
528 4387 585 4450 pro
617 4369 744 4435 civitate
775 4369 833 4433 sed
864 4388 922 4450 pro
953 4369 1041 4451 regia
1074 4367 1148 4434 aula
1170 4373 1386 4435 constructum
1408 4375 1495 4452 erat;
1530 4377 1562 4436 et

320 4475 394 4556 quia
424 4473 600 4556 spatiosum
629 4479 698 4538 erat
727 4471 878 4556 palatium
902 4472 1066 4554 Spalatum
1090 4472 1252 4555 appellare
1275 4474 1477 4556 coeperunt.⁵
1512 4473 1560 4542 Ibi

321 4595 398 4662 ergo
421 4597 456 4644 se
478 4577 669 4644 collocantes
700 4583 875 4659 posuerunt
905 4576 1085 4642 habitacula
1108 4576 1199 4656 vilia,
1224 4577 1306 4642 sicut
1329 4579 1481 4661 temporis
1505 4599 1558 4646 nc·
