<?xml version="1.0" encoding="UTF-8"?>
<!DOCTYPE html PUBLIC "-//W3C//DTD XHTML 1.0 Transitional//EN"
    "http://www.w3.org/TR/xhtml1/DTD/xhtml1-transitional.dtd">
<html xmlns="http://www.w3.org/1999/xhtml" xml:lang="en" lang="en">
 <head>
  <title>
</title>
<meta http-equiv="Content-Type" content="text/html;charset=utf-8" />
  <meta name='ocr-system' content='tesseract 3.04.00' />
  <meta name='ocr-capabilities' content='ocr_page ocr_carea ocr_par ocr_line ocrx_word'/>
</head>
<body>
  <div class='ocr_page' id='page_1' title='image "./documentahistor00ragoog_0503.png"; bbox 0 0 3548 5282; ppageno 0'>
   <div class='ocr_carea' id='block_1_1' title="bbox 1385 373 1449 437">
    <p class='ocr_par' dir='ltr' id='par_1_1' title="bbox 1385 373 1449 437">
     <span class='ocr_line' id='line_1_1' title="bbox 1385 373 1449 437; baseline 0.016 -2"><span class='ocrx_word' id='word_1_1' title='bbox 1385 373 1449 437; x_wconf 80' lang='lat'><strong>4⁷3</strong></span> 
     </span>
    </p>
   </div>
   <div class='ocr_carea' id='block_1_2' title="bbox 158 573 1449 2433">
    <p class='ocr_par' dir='ltr' id='par_1_2' title="bbox 158 573 1449 2433">
     <span class='ocr_line' id='line_1_2' title="bbox 201 573 1449 661; baseline -0.002 -18"><span class='ocrx_word' id='word_1_2' title='bbox 201 575 345 656; x_wconf 83' lang='lat' dir='ltr'><strong>iuvisset,</strong></span> <span class='ocrx_word' id='word_1_3' title='bbox 369 575 402 641; x_wconf 94' lang='lat' dir='ltr'><strong>in</strong></span> <span class='ocrx_word' id='word_1_4' title='bbox 423 573 501 660; x_wconf 87' lang='lat' dir='ltr'><strong>iuga</strong></span> <span class='ocrx_word' id='word_1_5' title='bbox 523 579 630 642; x_wconf 69' lang='lat' dir='ltr'><strong>mmen</strong></span> <span class='ocrx_word' id='word_1_6' title='bbox 652 593 708 642; x_wconf 84' lang='lat' dir='ltr'><strong>rex</strong></span> <span class='ocrx_word' id='word_1_7' title='bbox 732 573 877 642; x_wconf 77' lang='lat' dir='ltr'>Andreas</span> <span class='ocrx_word' id='word_1_8' title='bbox 902 593 939 642; x_wconf 84' lang='lat' dir='ltr'><strong>er</strong></span> <span class='ocrx_word' id='word_1_9' title='bbox 963 591 1045 656; x_wconf 85' lang='lat' dir='ltr'><strong>aquo</strong></span> <span class='ocrx_word' id='word_1_10' title='bbox 1070 575 1187 642; x_wconf 90' lang='lat' dir='ltr'><strong>cadens</strong></span> <span class='ocrx_word' id='word_1_11' title='bbox 1211 579 1244 641; x_wconf 88' lang='lat' dir='ltr'><strong>et</strong></span> <span class='ocrx_word' id='word_1_12' title='bbox 1258 573 1449 661; x_wconf 77' lang='lat' dir='ltr'><strong>mortuus²⁰‚</strong></span> 
     </span>
     <span class='ocr_line' id='line_1_3' title="bbox 205 678 1449 762; baseline -0.002 -15"><span class='ocrx_word' id='word_1_13' title='bbox 205 680 324 748; x_wconf 87' lang='lat' dir='ltr'><strong>iactum</strong></span> <span class='ocrx_word' id='word_1_14' title='bbox 361 686 411 746; x_wconf 90' lang='lat' dir='ltr'><strong>est</strong></span> <span class='ocrx_word' id='word_1_15' title='bbox 441 679 526 762; x_wconf 89' lang='lat' dir='ltr'><strong>quod</strong></span> <span class='ocrx_word' id='word_1_16' title='bbox 560 679 623 746; x_wconf 85' lang='lat' dir='ltr'><strong>dun</strong></span> <span class='ocrx_word' id='word_1_17' title='bbox 654 679 734 745; x_wconf 90' lang='lat' dir='ltr'><strong>Bela</strong></span> <span class='ocrx_word' id='word_1_18' title='bbox 763 697 862 761; x_wconf 86' lang='lat' dir='ltr'><strong>regno</strong></span> <span class='ocrx_word' id='word_1_19' title='bbox 897 679 1062 762; x_wconf 89' lang='lat' dir='ltr'><strong>potiretur.</strong></span> <span class='ocrx_word' id='word_1_20' title='bbox 1092 678 1153 757; x_wconf 86' lang='lat' dir='ltr'><strong>Qui</strong></span> <span class='ocrx_word' id='word_1_21' title='bbox 1183 678 1385 746; x_wconf 85' lang='lat' dir='ltr'><strong>Salamonem</strong></span> <span class='ocrx_word' id='word_1_22' title='bbox 1417 681 1449 744; x_wconf 91' lang='lat' dir='ltr'><strong>in</strong></span> 
     </span>
     <span class='ocr_line' id='line_1_4' title="bbox 207 782 1446 870; baseline -0.002 -18"><span class='ocrx_word' id='word_1_23' title='bbox 207 782 426 852; x_wconf 78' lang='lat' dir='ltr'><strong>Ostervizza²¹</strong></span> <span class='ocrx_word' id='word_1_24' title='bbox 461 783 645 867; x_wconf 83' lang='lat' dir='ltr'>praeclusit.</span> <span class='ocrx_word' id='word_1_25' title='bbox 680 783 848 851; x_wconf 88' lang='lat' dir='ltr'><strong>Heinricus</strong></span> <span class='ocrx_word' id='word_1_26' title='bbox 881 783 1010 864; x_wconf 84' lang='lat' dir='ltr'><strong>indigne</strong></span> <span class='ocrx_word' id='word_1_27' title='bbox 1044 782 1123 850; x_wconf 90' lang='lat' dir='ltr'><strong>haec</strong></span> <span class='ocrx_word' id='word_1_28' title='bbox 1156 801 1299 870; x_wconf 88' lang='lat' dir='ltr'><strong>censens,</strong></span> <span class='ocrx_word' id='word_1_29' title='bbox 1336 783 1446 851; x_wconf 90' lang='lat' dir='ltr'><strong>Oster·</strong></span> 
     </span>
     <span class='ocr_line' id='line_1_5' title="bbox 206 885 1449 970; baseline 0 -16"><span class='ocrx_word' id='word_1_30' title='bbox 206 890 326 955; x_wconf 81' lang='lat' dir='ltr'><strong>vinnam</strong></span> <span class='ocrx_word' id='word_1_31' title='bbox 349 889 446 968; x_wconf 87' lang='lat' dir='ltr'><strong>venit,</strong></span> <span class='ocrx_word' id='word_1_32' title='bbox 462 905 612 970; x_wconf 83' lang='lat' dir='ltr'><strong>sponsam</strong></span> <span class='ocrx_word' id='word_1_33' title='bbox 635 885 797 954; x_wconf 79' lang='lat' dir='ltr'><strong>Salomoni</strong></span> <span class='ocrx_word' id='word_1_34' title='bbox 820 887 920 967; x_wconf 74' lang='lat' dir='ltr'><strong>dedit,</strong></span> <span class='ocrx_word' id='word_1_35' title='bbox 944 903 982 952; x_wconf 92' lang='lat' dir='ltr'><strong>ac</strong></span> <span class='ocrx_word' id='word_1_36' title='bbox 1004 887 1114 954; x_wconf 89' lang='lat' dir='ltr'><strong>audita</strong></span> <span class='ocrx_word' id='word_1_37' title='bbox 1134 886 1233 954; x_wconf 87' lang='lat' dir='ltr'><strong>Betae</strong></span> <span class='ocrx_word' id='word_1_38' title='bbox 1251 892 1354 955; x_wconf 92' lang='lat' dir='ltr'><strong>morte</strong></span> <span class='ocrx_word' id='word_1_39' title='bbox 1377 904 1449 954; x_wconf 87' lang='lat' dir='ltr'><strong>curn</strong></span> 
     </span>
     <span class='ocr_line' id='line_1_6' title="bbox 210 989 1445 1076; baseline -0.002 -15"><span class='ocrx_word' id='word_1_40' title='bbox 210 993 350 1062; x_wconf 79' lang='lat' dir='ltr'><strong>exercitu</strong></span> <span class='ocrx_word' id='word_1_41' title='bbox 373 993 406 1058; x_wconf 95' lang='lat' dir='ltr'><strong>in</strong></span> <span class='ocrx_word' id='word_1_42' title='bbox 426 992 624 1060; x_wconf 81' lang='lat' dir='ltr'><strong>Pannoniam</strong></span> <span class='ocrx_word' id='word_1_43' title='bbox 639 991 772 1072; x_wconf 90' lang='lat' dir='ltr'><strong>intrans,</strong></span> <span class='ocrx_word' id='word_1_44' title='bbox 791 989 991 1058; x_wconf 77' lang='lat' dir='ltr'><strong>Salomonem</strong></span> <span class='ocrx_word' id='word_1_45' title='bbox 1013 1009 1112 1076; x_wconf 90' lang='lat' dir='ltr'><strong>regno</strong></span> <span class='ocrx_word' id='word_1_46' title='bbox 1136 997 1169 1058; x_wconf 88' lang='lat' dir='ltr'><strong>et</strong></span> <span class='ocrx_word' id='word_1_47' title='bbox 1191 1009 1327 1058; x_wconf 90' lang='lat' dir='ltr'><strong>coronae</strong></span> <span class='ocrx_word' id='word_1_48' title='bbox 1350 991 1445 1060; x_wconf 88' lang='lat' dir='ltr'><strong>resti·</strong></span> 
     </span>
     <span class='ocr_line' id='line_1_7' title="bbox 203 1094 1447 1181; baseline 0 -17"><span class='ocrx_word' id='word_1_49' title='bbox 203 1099 275 1164; x_wconf 77' lang='lat' dir='ltr'><strong>tuit.</strong></span> <span class='ocrx_word' id='word_1_50' title='bbox 298 1095 372 1163; x_wconf 84' lang='lat' dir='ltr'>Filii</span> <span class='ocrx_word' id='word_1_51' title='bbox 392 1095 502 1176; x_wconf 87' lang='lat' dir='ltr'><strong>Belae,</strong></span> <span class='ocrx_word' id='word_1_52' title='bbox 526 1095 635 1180; x_wconf 82' lang='lat' dir='ltr'><strong>(leysa</strong></span> <span class='ocrx_word' id='word_1_53' title='bbox 658 1101 689 1164; x_wconf 95' lang='lat' dir='ltr'><strong>et</strong></span> <span class='ocrx_word' id='word_1_54' title='bbox 706 1095 884 1180; x_wconf 86' lang='lat' dir='ltr'><strong>Ladislaus,</strong></span> <span class='ocrx_word' id='word_1_55' title='bbox 909 1096 942 1162; x_wconf 91' lang='lat' dir='ltr'><strong>in</strong></span> <span class='ocrx_word' id='word_1_56' title='bbox 960 1095 1124 1163; x_wconf 88' lang='lat' dir='ltr'><strong>Poloniam</strong></span> <span class='ocrx_word' id='word_1_57' title='bbox 1140 1094 1283 1181; x_wconf 84' lang='lat' dir='ltr'><strong>fugiunt3</strong></span> <span class='ocrx_word' id='word_1_58' title='bbox 1312 1113 1350 1163; x_wconf 90' lang='lat' dir='ltr'><strong>ac</strong></span> <span class='ocrx_word' id='word_1_59' title='bbox 1373 1095 1447 1164; x_wconf 89' lang='lat' dir='ltr'><strong>inde</strong></span> 
     </span>
     <span class='ocr_line' id='line_1_8' title="bbox 204 1199 1446 1285; baseline 0 -17"><span class='ocrx_word' id='word_1_60' title='bbox 204 1221 275 1268; x_wconf 89' lang='lat' dir='ltr'><strong>cum</strong></span> <span class='ocrx_word' id='word_1_61' title='bbox 309 1201 450 1272; x_wconf 84' lang='lat' dir='ltr'><strong>exercitu</strong></span> <span class='ocrx_word' id='word_1_62' title='bbox 484 1201 655 1268; x_wconf 89' lang='lat' dir='ltr'><strong>redeuntes</strong></span> <span class='ocrx_word' id='word_1_63' title='bbox 689 1200 831 1284; x_wconf 82' lang='lat' dir='ltr'>episcopi</span> <span class='ocrx_word' id='word_1_64' title='bbox 862 1206 895 1268; x_wconf 90' lang='lat' dir='ltr'><strong>et</strong></span> <span class='ocrx_word' id='word_1_65' title='bbox 924 1217 1074 1284; x_wconf 86' lang='lat' dir='ltr'><strong>proceres</strong></span> <span class='ocrx_word' id='word_1_66' title='bbox 1103 1199 1149 1268; x_wconf 89' lang='lat' dir='ltr'><strong>sic</strong></span> <span class='ocrx_word' id='word_1_67' title='bbox 1178 1206 1377 1285; x_wconf 90' lang='lat' dir='ltr'><strong>componunt,</strong></span> <span class='ocrx_word' id='word_1_68' title='bbox 1408 1207 1446 1268; x_wconf 91' lang='lat' dir='ltr'><strong>ut</strong></span> 
     </span>
     <span class='ocr_line' id='line_1_9' title="bbox 205 1303 1446 1390; baseline -0.001 -18"><span class='ocrx_word' id='word_1_69' title='bbox 205 1307 289 1374; x_wconf 87' lang='lat' dir='ltr'><strong>duae</strong></span> <span class='ocrx_word' id='word_1_70' title='bbox 310 1311 419 1389; x_wconf 91' lang='lat' dir='ltr'><strong>partes</strong></span> <span class='ocrx_word' id='word_1_71' title='bbox 443 1303 614 1383; x_wconf 81' lang='lat' dir='ltr'><strong>Salomoni,</strong></span> <span class='ocrx_word' id='word_1_72' title='bbox 637 1305 735 1371; x_wconf 87' lang='lat' dir='ltr'><strong>tertia</strong></span> <span class='ocrx_word' id='word_1_73' title='bbox 757 1305 872 1371; x_wconf 92' lang='lat' dir='ltr'><strong>ducum</strong></span> <span class='ocrx_word' id='word_1_74' title='bbox 896 1309 990 1373; x_wconf 89' lang='lat' dir='ltr'><strong>esset.</strong></span> <span class='ocrx_word' id='word_1_75' title='bbox 1021 1303 1144 1382; x_wconf 83' lang='lat' dir='ltr'>Quibus</span> <span class='ocrx_word' id='word_1_76' title='bbox 1175 1305 1312 1388; x_wconf 89' lang='lat' dir='ltr'><strong>pactatis</strong></span> <span class='ocrx_word' id='word_1_77' title='bbox 1333 1303 1446 1390; x_wconf 85' lang='lat' dir='ltr'><strong>(anno)</strong></span> 
     </span>
     <span class='ocr_line' id='line_1_10' title="bbox 202 1407 1083 1492; baseline -0.005 -14"><span class='ocrx_word' id='word_1_78' title='bbox 202 1434 305 1478; x_wconf 78' lang='lat' dir='ltr'><strong>unm</strong></span> <span class='ocrx_word' id='word_1_79' title='bbox 328 1409 475 1492; x_wconf 77' lang='lat' dir='ltr'><strong>Quinque</strong></span> <span class='ocrx_word' id='word_1_80' title='bbox 497 1409 639 1477; x_wconf 90' lang='lat' dir='ltr'><strong>ecclesiis</strong></span> <span class='ocrx_word' id='word_1_81' title='bbox 661 1414 829 1478; x_wconf 89' lang='lat' dir='ltr'><strong>coronatus</strong></span> <span class='ocrx_word' id='word_1_82' title='bbox 851 1413 902 1476; x_wconf 86' lang='lat' dir='ltr'><strong>est</strong></span> <span class='ocrx_word' id='word_1_83' title='bbox 924 1407 1083 1476; x_wconf 79' lang='lat' dir='ltr'><strong>Salomon.</strong></span> 
     </span>
     <span class='ocr_line' id='line_1_11' title="bbox 158 1513 1447 1607; baseline 0 -27"><span class='ocrx_word' id='word_1_84' title='bbox 158 1603 160 1607; x_wconf 45' lang='lat'><strong>.</strong></span> <span class='ocrx_word' id='word_1_85' title='bbox 244 1515 299 1599; x_wconf 85' lang='lat' dir='ltr'><strong>(A.</strong></span> <span class='ocrx_word' id='word_1_86' title='bbox 323 1515 435 1598; x_wconf 82' lang='lat'><strong>1064.)</strong></span> <span class='ocrx_word' id='word_1_87' title='bbox 457 1513 580 1581; x_wconf 82' lang='lat' dir='ltr'><strong>Eadem</strong></span> <span class='ocrx_word' id='word_1_88' title='bbox 610 1514 757 1583; x_wconf 90' lang='lat' dir='ltr'><strong>ocasione</strong></span> <span class='ocrx_word' id='word_1_89' title='bbox 779 1514 863 1581; x_wconf 88' lang='lat' dir='ltr'><strong>bano</strong></span> <span class='ocrx_word' id='word_1_90' title='bbox 886 1513 1035 1580; x_wconf 83' lang='lat' dir='ltr'><strong>Svininrir</strong></span> <span class='ocrx_word' id='word_1_91' title='bbox 1057 1514 1173 1580; x_wconf 88' lang='lat' dir='ltr'><strong>ducum</strong></span> <span class='ocrx_word' id='word_1_92' title='bbox 1204 1530 1348 1580; x_wconf 91' lang='lat' dir='ltr'><strong>sororem</strong></span> <span class='ocrx_word' id='word_1_93' title='bbox 1370 1531 1447 1580; x_wconf 87' lang='lat' dir='ltr'><strong>uxo·</strong></span> 
     </span>
     <span class='ocr_line' id='line_1_12' title="bbox 203 1616 1448 1704; baseline -0.002 -18"><span class='ocrx_word' id='word_1_94' title='bbox 203 1639 270 1688; x_wconf 89' lang='lat' dir='ltr'><strong>rem</strong></span> <span class='ocrx_word' id='word_1_95' title='bbox 292 1619 400 1686; x_wconf 73' lang='lat' dir='ltr'><strong>damni</strong></span> <span class='ocrx_word' id='word_1_96' title='bbox 422 1616 567 1685; x_wconf 68' lang='lat' dir='ltr'><strong>volunt²⁹</strong></span> <span class='ocrx_word' id='word_1_97' title='bbox 588 1623 713 1686; x_wconf 90' lang='lat' dir='ltr'><strong>etcum</strong></span> <span class='ocrx_word' id='word_1_98' title='bbox 736 1636 776 1685; x_wconf 86' lang='lat' dir='ltr'><strong>eo</strong></span> <span class='ocrx_word' id='word_1_99' title='bbox 798 1635 921 1685; x_wconf 88' lang='lat' dir='ltr'><strong>cessam</strong></span> <span class='ocrx_word' id='word_1_100' title='bbox 939 1617 1126 1686; x_wconf 75' lang='lat' dir='ltr'><strong>sclavoniae</strong></span> <span class='ocrx_word' id='word_1_101' title='bbox 1142 1623 1275 1704; x_wconf 90' lang='lat' dir='ltr'><strong>partem,</strong></span> <span class='ocrx_word' id='word_1_102' title='bbox 1300 1618 1348 1684; x_wconf 94' lang='lat' dir='ltr'><strong>uti</strong></span> <span class='ocrx_word' id='word_1_103' title='bbox 1372 1617 1448 1686; x_wconf 90' lang='lat' dir='ltr'><strong>olim</strong></span> 
     </span>
     <span class='ocr_line' id='line_1_13' title="bbox 204 1719 1447 1807; baseline -0.002 -15"><span class='ocrx_word' id='word_1_104' title='bbox 204 1723 408 1807; x_wconf 85' lang='lat' dir='ltr'><strong>aStephano</strong></span> <span class='ocrx_word' id='word_1_105' title='bbox 432 1741 509 1806; x_wconf 90' lang='lat' dir='ltr'><strong>rege</strong></span> <span class='ocrx_word' id='word_1_106' title='bbox 531 1721 609 1788; x_wconf 88' lang='lat' dir='ltr'><strong>data</strong></span> <span class='ocrx_word' id='word_1_107' title='bbox 630 1719 736 1790; x_wconf 86' lang='lat' dir='ltr'><strong>fuerat</strong></span> <span class='ocrx_word' id='word_1_108' title='bbox 757 1721 842 1788; x_wconf 87' lang='lat' dir='ltr'><strong>filiae</strong></span> <span class='ocrx_word' id='word_1_109' title='bbox 867 1719 1042 1807; x_wconf 83' lang='lat' dir='ltr'><strong>Cresimiri,</strong></span> <span class='ocrx_word' id='word_1_110' title='bbox 1073 1739 1210 1806; x_wconf 81' lang='lat' dir='ltr'><strong>sponsae</strong></span> <span class='ocrx_word' id='word_1_111' title='bbox 1233 1721 1323 1790; x_wconf 85' lang='lat' dir='ltr'><strong>ducis</strong></span> <span class='ocrx_word' id='word_1_112' title='bbox 1352 1721 1447 1790; x_wconf 84' lang='lat' dir='ltr'><strong>Eme·</strong></span> 
     </span>
     <span class='ocr_line' id='line_1_14' title="bbox 202 1825 1447 1910; baseline -0.002 -16"><span class='ocrx_word' id='word_1_113' title='bbox 202 1828 269 1894; x_wconf 92' lang='lat' dir='ltr'><strong>rici.</strong></span> <span class='ocrx_word' id='word_1_114' title='bbox 301 1827 470 1910; x_wconf 82' lang='lat' dir='ltr'><strong>Reliquum</strong></span> <span class='ocrx_word' id='word_1_115' title='bbox 500 1825 668 1896; x_wconf 87' lang='lat' dir='ltr'><strong>Ladislaus</strong></span> <span class='ocrx_word' id='word_1_116' title='bbox 699 1825 811 1893; x_wconf 89' lang='lat' dir='ltr'><strong>habuit</strong></span> <span class='ocrx_word' id='word_1_117' title='bbox 841 1843 912 1894; x_wconf 91' lang='lat' dir='ltr'><strong>cum</strong></span> <span class='ocrx_word' id='word_1_118' title='bbox 934 1831 1026 1908; x_wconf 88' lang='lat' dir='ltr'><strong>parte</strong></span> <span class='ocrx_word' id='word_1_119' title='bbox 1055 1825 1241 1908; x_wconf 89' lang='lat' dir='ltr'><strong>Hungariae</strong></span> <span class='ocrx_word' id='word_1_120' title='bbox 1270 1844 1374 1908; x_wconf 89' lang='lat' dir='ltr'><strong>usque</strong></span> <span class='ocrx_word' id='word_1_121' title='bbox 1405 1827 1447 1892; x_wconf 88' lang='lat' dir='ltr'><strong>ad</strong></span> 
     </span>
     <span class='ocr_line' id='line_1_15' title="bbox 204 1927 1448 2013; baseline 0.001 -16"><span class='ocrx_word' id='word_1_122' title='bbox 204 1930 342 1998; x_wconf 77' lang='lat' dir='ltr'><strong>&#39;sisciam</strong></span> <span class='ocrx_word' id='word_1_123' title='bbox 366 1937 399 1998; x_wconf 90' lang='lat' dir='ltr'><strong>et</strong></span> <span class='ocrx_word' id='word_1_124' title='bbox 420 1929 611 2013; x_wconf 81' lang='lat' dir='ltr'><strong>Arabonem,</strong></span> <span class='ocrx_word' id='word_1_125' title='bbox 635 1935 672 1996; x_wconf 94' lang='lat' dir='ltr'><strong>ut</strong></span> <span class='ocrx_word' id='word_1_126' title='bbox 693 1934 803 1997; x_wconf 88' lang='lat' dir='ltr'><strong>esseut</strong></span> <span class='ocrx_word' id='word_1_127' title='bbox 824 1931 858 1996; x_wconf 90' lang='lat' dir='ltr'><strong>in</strong></span> <span class='ocrx_word' id='word_1_128' title='bbox 880 1929 1033 1996; x_wconf 89' lang='lat' dir='ltr'><strong>comitatu</strong></span> <span class='ocrx_word' id='word_1_129' title='bbox 1063 1927 1216 1996; x_wconf 84' lang='lat' dir='ltr'><strong>Crisionsi</strong></span> <span class='ocrx_word' id='word_1_130' title='bbox 1239 1929 1359 1995; x_wconf 90' lang='lat' dir='ltr'><strong>multae</strong></span> <span class='ocrx_word' id='word_1_131' title='bbox 1382 1949 1448 1998; x_wconf 92' lang='lat' dir='ltr'><strong>me·</strong></span> 
     </span>
     <span class='ocr_line' id='line_1_16' title="bbox 202 2033 1445 2118; baseline -0.002 -16"><span class='ocrx_word' id='word_1_132' title='bbox 202 2035 324 2103; x_wconf 89' lang='lat' dir='ltr'><strong>moriae</strong></span> <span class='ocrx_word' id='word_1_133' title='bbox 347 2033 498 2101; x_wconf 86' lang='lat' dir='ltr'><strong>Ladislai.</strong></span> <span class='ocrx_word' id='word_1_134' title='bbox 521 2033 687 2102; x_wconf 70' lang='lat' dir='ltr'><strong>affinitate</strong></span> <span class='ocrx_word' id='word_1_135' title='bbox 709 2034 769 2101; x_wconf 91' lang='lat' dir='ltr'><strong>hac</strong></span> <span class='ocrx_word' id='word_1_136' title='bbox 800 2033 949 2101; x_wconf 84' lang='lat' dir='ltr'><strong>Svinimir</strong></span> <span class='ocrx_word' id='word_1_137' title='bbox 978 2039 1091 2117; x_wconf 86' lang='lat' dir='ltr'><strong>potens</strong></span> <span class='ocrx_word' id='word_1_138' title='bbox 1115 2033 1218 2101; x_wconf 85' lang='lat' dir='ltr'><strong>iactus</strong></span> <span class='ocrx_word' id='word_1_139' title='bbox 1248 2033 1290 2100; x_wconf 91' lang='lat' dir='ltr'><strong>ad</strong></span> <span class='ocrx_word' id='word_1_140' title='bbox 1312 2053 1445 2118; x_wconf 89' lang='lat' dir='ltr'><strong>regnum</strong></span> 
     </span>
     <span class='ocr_line' id='line_1_17' title="bbox 207 2137 1447 2221; baseline -0.002 -16"><span class='ocrx_word' id='word_1_141' title='bbox 207 2139 356 2206; x_wconf 78' lang='lat' dir='ltr'><strong>croatiae</strong></span> <span class='ocrx_word' id='word_1_142' title='bbox 386 2139 540 2220; x_wconf 84' lang='lat' dir='ltr'><strong>pervenit,</strong></span> <span class='ocrx_word' id='word_1_143' title='bbox 571 2138 740 2206; x_wconf 88' lang='lat' dir='ltr'><strong>Ladislaus</strong></span> <span class='ocrx_word' id='word_1_144' title='bbox 770 2145 803 2206; x_wconf 91' lang='lat' dir='ltr'><strong>et</strong></span> <span class='ocrx_word' id='word_1_145' title='bbox 833 2138 939 2221; x_wconf 86' lang='lat' dir='ltr'><strong>Geysa</strong></span> <span class='ocrx_word' id='word_1_146' title='bbox 961 2138 1003 2205; x_wconf 90' lang='lat' dir='ltr'><strong>ad</strong></span> <span class='ocrx_word' id='word_1_147' title='bbox 1033 2155 1181 2205; x_wconf 87' lang='lat' dir='ltr'><strong>coronam</strong></span> <span class='ocrx_word' id='word_1_148' title='bbox 1213 2137 1447 2220; x_wconf 86' lang='lat' dir='ltr'><strong>Hungarorum.</strong></span> 
     </span>
     <span class='ocr_line' id='line_1_18' title="bbox 204 2241 1446 2328; baseline -0.003 -16"><span class='ocrx_word' id='word_1_149' title='bbox 204 2243 407 2312; x_wconf 83' lang='lat' dir='ltr'><strong>Salomonem</strong></span> <span class='ocrx_word' id='word_1_150' title='bbox 429 2242 571 2308; x_wconf 90' lang='lat' dir='ltr'><strong>Boioarii</strong></span> <span class='ocrx_word' id='word_1_151' title='bbox 592 2242 663 2328; x_wconf 89' lang='lat' dir='ltr'><strong>ipsi,</strong></span> <span class='ocrx_word' id='word_1_152' title='bbox 687 2243 772 2325; x_wconf 91' lang='lat' dir='ltr'><strong>quod</strong></span> <span class='ocrx_word' id='word_1_153' title='bbox 794 2242 854 2325; x_wconf 89' lang='lat' dir='ltr'><strong>ipsi</strong></span> <span class='ocrx_word' id='word_1_154' title='bbox 878 2241 959 2308; x_wconf 91' lang='lat' dir='ltr'><strong>nihit</strong></span> <span class='ocrx_word' id='word_1_155' title='bbox 981 2242 1201 2324; x_wconf 76' lang='lat' dir='ltr'><strong>obtinuissent,</strong></span> <span class='ocrx_word' id='word_1_156' title='bbox 1233 2247 1307 2310; x_wconf 92' lang='lat' dir='ltr'><strong>sunt</strong></span> <span class='ocrx_word' id='word_1_157' title='bbox 1337 2260 1446 2325; x_wconf 90' lang='lat' dir='ltr'><strong>perse·</strong></span> 
     </span>
     <span class='ocr_line' id='line_1_19' title="bbox 205 2345 1046 2433; baseline 0.004 -18"><span class='ocrx_word' id='word_1_158' title='bbox 205 2347 280 2433; x_wconf 86' lang='lat' dir='ltr'><strong>cuti,</strong></span> <span class='ocrx_word' id='word_1_159' title='bbox 304 2346 389 2429; x_wconf 88' lang='lat' dir='ltr'><strong>quod</strong></span> <span class='ocrx_word' id='word_1_160' title='bbox 411 2351 572 2430; x_wconf 90' lang='lat' dir='ltr'><strong>postremo</strong></span> <span class='ocrx_word' id='word_1_161' title='bbox 596 2365 708 2414; x_wconf 89' lang='lat' dir='ltr'><strong>carens</strong></span> <span class='ocrx_word' id='word_1_162' title='bbox 730 2365 839 2431; x_wconf 86' lang='lat' dir='ltr'><strong>regno,</strong></span> <span class='ocrx_word' id='word_1_163' title='bbox 864 2345 1046 2418; x_wconf 78' lang='lat' dir='ltr'><strong>desierit²⁸·.</strong></span> 
     </span>
    </p>
   </div>
   <div class='ocr_carea' id='block_1_3' title="bbox 245 2487 1447 3431">
    <p class='ocr_par' dir='ltr' id='par_1_3' title="bbox 245 2487 1447 2912">
     <span class='ocr_line' id='line_1_20' title="bbox 289 2487 1447 2567; baseline -0.001 -17"><span class='ocrx_word' id='word_1_164' title='bbox 289 2489 420 2550; x_wconf 80' lang='lat' dir='ltr'><strong>loannes</strong></span> <span class='ocrx_word' id='word_1_165' title='bbox 435 2488 659 2549; x_wconf 85' lang='lat' dir='ltr'><strong>archidiaconus</strong></span> <span class='ocrx_word' id='word_1_166' title='bbox 683 2489 854 2565; x_wconf 83' lang='lat' dir='ltr'><strong>goricensis‚</strong></span> <span class='ocrx_word' id='word_1_167' title='bbox 879 2489 1005 2567; x_wconf 78' lang='lat' dir='ltr'><strong>scriptor</strong></span> <span class='ocrx_word' id='word_1_168' title='bbox 1027 2489 1136 2550; x_wconf 91' lang='lat' dir='ltr'><strong>saeculi</strong></span> <span class='ocrx_word' id='word_1_169' title='bbox 1151 2488 1222 2549; x_wconf 87' lang='lat' dir='ltr'><strong>XIV</strong></span> <span class='ocrx_word' id='word_1_170' title='bbox 1237 2505 1285 2566; x_wconf 92' lang='lat' dir='ltr'><strong>ap.</strong></span> <span class='ocrx_word' id='word_1_171' title='bbox 1302 2487 1336 2550; x_wconf 91' lang='lat' dir='ltr'><strong>B.</strong></span> <span class='ocrx_word' id='word_1_172' title='bbox 1353 2488 1447 2549; x_wconf 80' lang='lat' dir='ltr'><strong>Krte·</strong></span> 
     </span>
     <span class='ocr_line' id='line_1_21' title="bbox 246 2573 1446 2652; baseline 0 -16"><span class='ocrx_word' id='word_1_173' title='bbox 246 2573 302 2636; x_wconf 81' lang='lat' dir='ltr'><strong>lib:</strong></span> <span class='ocrx_word' id='word_1_174' title='bbox 326 2577 373 2636; x_wconf 89' lang='lat' dir='ltr'><strong>De</strong></span> <span class='ocrx_word' id='word_1_175' title='bbox 388 2575 489 2652; x_wconf 87' lang='lat' dir='ltr'><strong>regnis</strong></span> <span class='ocrx_word' id='word_1_176' title='bbox 504 2576 602 2635; x_wconf 90' lang='lat' dir='ltr'><strong>Dalm.</strong></span> <span class='ocrx_word' id='word_1_177' title='bbox 620 2575 717 2638; x_wconf 85' lang='lat' dir='ltr'><strong>Oroat.</strong></span> <span class='ocrx_word' id='word_1_178' title='bbox 735 2579 765 2637; x_wconf 90' lang='lat' dir='ltr'><strong>ot</strong></span> <span class='ocrx_word' id='word_1_179' title='bbox 780 2576 954 2637; x_wconf 82' lang='lat' dir='ltr'><strong>Sclavoniae</strong></span> <span class='ocrx_word' id='word_1_180' title='bbox 975 2575 1099 2636; x_wconf 88' lang='lat' dir='ltr'><strong>notitiae</strong></span> <span class='ocrx_word' id='word_1_181' title='bbox 1121 2575 1351 2652; x_wconf 87' lang='lat' dir='ltr'><strong>praeliminares.</strong></span> <span class='ocrx_word' id='word_1_182' title='bbox 1375 2593 1446 2652; x_wconf 89' lang='lat' dir='ltr'><strong>pag.</strong></span> 
     </span>
     <span class='ocr_line' id='line_1_22' title="bbox 250 2661 1447 2738; baseline -0.002 -16"><span class='ocrx_word' id='word_1_183' title='bbox 250 2663 430 2723; x_wconf 82' lang='lat' dir='ltr'><strong>lot-102.</strong></span> <span class='ocrx_word' id='word_1_184' title='bbox 454 2663 501 2721; x_wconf 92' lang='lat' dir='ltr'><strong>De</strong></span> <span class='ocrx_word' id='word_1_185' title='bbox 516 2661 630 2723; x_wconf 87' lang='lat' dir='ltr'><strong>Joanne</strong></span> <span class='ocrx_word' id='word_1_186' title='bbox 653 2661 860 2723; x_wconf 89' lang='lat' dir='ltr'><strong>archidiacono</strong></span> <span class='ocrx_word' id='word_1_187' title='bbox 877 2661 913 2726; x_wconf 87' lang='lat' dir='ltr'><strong>cf.</strong></span> <span class='ocrx_word' id='word_1_188' title='bbox 930 2680 1026 2723; x_wconf 90' lang='lat' dir='ltr'><strong>meam</strong></span> <span class='ocrx_word' id='word_1_189' title='bbox 1044 2663 1301 2738; x_wconf 86' lang='lat' dir='ltr'><strong>investigationem</strong></span> <span class='ocrx_word' id='word_1_190' title='bbox 1315 2661 1346 2722; x_wconf 94' lang='lat' dir='ltr'><strong>in</strong></span> <span class='ocrx_word' id='word_1_191' title='bbox 1360 2662 1447 2738; x_wconf 89' lang='lat' dir='ltr'><strong>Knji-</strong></span> 
     </span>
     <span class='ocr_line' id='line_1_23' title="bbox 245 2747 1447 2826; baseline -0.002 -16"><span class='ocrx_word' id='word_1_192' title='bbox 245 2747 354 2810; x_wconf 78' lang='lat' dir='ltr'><strong>tevnilr</strong></span> <span class='ocrx_word' id='word_1_193' title='bbox 371 2749 394 2824; x_wconf 91' lang='lat'><strong>1,</strong></span> <span class='ocrx_word' id='word_1_194' title='bbox 412 2749 594 2826; x_wconf 74' lang='lat' dir='ltr'><strong>eea-557,</strong></span> <span class='ocrx_word' id='word_1_195' title='bbox 612 2749 682 2808; x_wconf 90' lang='lat' dir='ltr'><strong>item</strong></span> <span class='ocrx_word' id='word_1_196' title='bbox 698 2751 722 2808; x_wconf 94' lang='grc' dir='ltr'><strong>Ι.</strong></span> <span class='ocrx_word' id='word_1_197' title='bbox 738 2747 879 2809; x_wconf 82' lang='lat' dir='ltr'><strong>Thaltio&#39;:</strong></span> <span class='ocrx_word' id='word_1_198' title='bbox 896 2749 1085 2809; x_wconf 83' lang='lat' dir='ltr'><strong>Monumenta</strong></span> <span class='ocrx_word' id='word_1_199' title='bbox 1100 2749 1242 2809; x_wconf 86' lang='lat' dir='ltr'><strong>historica</strong></span> <span class='ocrx_word' id='word_1_200' title='bbox 1257 2749 1447 2824; x_wconf 80' lang='lat' dir='ltr'><strong>episcopatus</strong></span> 
     </span>
     <span class='ocr_line' id='line_1_24' title="bbox 246 2834 779 2912; baseline 0.002 -16"><span class='ocrx_word' id='word_1_201' title='bbox 246 2834 454 2912; x_wconf 86' lang='lat' dir='ltr'><strong>Zagrabiensis</strong></span> <span class='ocrx_word' id='word_1_202' title='bbox 470 2836 529 2896; x_wconf 84' lang='lat' dir='ltr'><strong>vol.</strong></span> <span class='ocrx_word' id='word_1_203' title='bbox 550 2835 590 2908; x_wconf 88' lang='lat'><strong>11,</strong></span> <span class='ocrx_word' id='word_1_204' title='bbox 606 2853 636 2911; x_wconf 89' lang='lat' dir='ltr'><strong>p.</strong></span> <span class='ocrx_word' id='word_1_205' title='bbox 653 2835 779 2897; x_wconf 90' lang='lat' dir='ltr'>I—XII.</span> 
     </span>
    </p>

    <p class='ocr_par' dir='ltr' id='par_1_4' title="bbox 245 2917 1447 3431">
     <span class='ocr_line' id='line_1_25' title="bbox 292 2917 1446 3004; baseline -0.003 -20"><span class='ocrx_word' id='word_1_206' title='bbox 292 2922 327 2984; x_wconf 88' lang='lat' dir='ltr'><strong>V.</strong></span> <span class='ocrx_word' id='word_1_207' title='bbox 344 2919 433 2982; x_wconf 87' lang='lat' dir='ltr'><strong>Klaic&#39;</strong></span> <span class='ocrx_word' id='word_1_208' title='bbox 449 2917 578 3004; x_wconf 90' lang='lat' dir='ltr'><strong>(Oojena</strong></span> <span class='ocrx_word' id='word_1_209' title='bbox 592 2921 733 2983; x_wconf 84' lang='lat' dir='ltr'><strong>odlomha</strong></span> <span class='ocrx_word' id='word_1_210' title='bbox 748 2923 775 2981; x_wconf 87' lang='lat' dir='ltr'><strong>in</strong></span> <span class='ocrx_word' id='word_1_211' title='bbox 790 2921 978 3000; x_wconf 79' lang='lat' dir='ltr'><strong>lrronologije</strong></span> <span class='ocrx_word' id='word_1_212' title='bbox 999 2921 1029 2982; x_wconf 92' lang='lat' dir='ltr'><strong>ili</strong></span> <span class='ocrx_word' id='word_1_213' title='bbox 1054 2921 1195 2999; x_wconf 81' lang='lat' dir='ltr'><strong>ljetopisa</strong></span> <span class='ocrx_word' id='word_1_214' title='bbox 1211 2921 1305 2982; x_wconf 85' lang='lat' dir='ltr'><strong>Ivana</strong></span> <span class='ocrx_word' id='word_1_215' title='bbox 1319 2919 1446 2997; x_wconf 86' lang='lat' dir='ltr'><strong>aroidja-</strong></span> 
     </span>
     <span class='ocr_line' id='line_1_26' title="bbox 246 3005 1445 3088; baseline -0.002 -19"><span class='ocrx_word' id='word_1_216' title='bbox 246 3008 335 3070; x_wconf 82' lang='lat' dir='ltr'><strong>kona.</strong></span> <span class='ocrx_word' id='word_1_217' title='bbox 360 3006 503 3086; x_wconf 82' lang='lat' dir='ltr'><strong>Izvjestje</strong></span> <span class='ocrx_word' id='word_1_218' title='bbox 518 3025 536 3068; x_wconf 94' lang='lat' dir='ltr'><strong>o</strong></span> <span class='ocrx_word' id='word_1_219' title='bbox 552 3007 598 3070; x_wconf 84' lang='lat' dir='ltr'><strong>kr.</strong></span> <span class='ocrx_word' id='word_1_220' title='bbox 615 3007 726 3086; x_wconf 84' lang='lat' dir='ltr'><strong>velikoj</strong></span> <span class='ocrx_word' id='word_1_221' title='bbox 751 3007 902 3086; x_wconf 83' lang='lat' dir='ltr'><strong>gimnaziji</strong></span> <span class='ocrx_word' id='word_1_222' title='bbox 917 3027 937 3068; x_wconf 95' lang='lat' dir='ltr'><strong>u</strong></span> <span class='ocrx_word' id='word_1_223' title='bbox 952 3009 1089 3084; x_wconf 86' lang='lat' dir='ltr'><strong>Zagrcbn</strong></span> <span class='ocrx_word' id='word_1_224' title='bbox 1119 3009 1244 3087; x_wconf 73' lang='lat' dir='ltr'><strong>lecese,</strong></span> <span class='ocrx_word' id='word_1_225' title='bbox 1268 3026 1298 3084; x_wconf 91' lang='lat' dir='ltr'><strong>p.</strong></span> <span class='ocrx_word' id='word_1_226' title='bbox 1326 3005 1445 3088; x_wconf 77' lang='lat'>1—22)</span> 
     </span>
     <span class='ocr_line' id='line_1_27' title="bbox 248 3092 1446 3172; baseline -0.002 -16"><span class='ocrx_word' id='word_1_227' title='bbox 248 3095 455 3156; x_wconf 77' lang='lat' dir='ltr'><strong>documentum</strong></span> <span class='ocrx_word' id='word_1_228' title='bbox 471 3094 549 3154; x_wconf 84' lang='lat' dir='ltr'><strong>istud</strong></span> <span class='ocrx_word' id='word_1_229' title='bbox 565 3094 728 3170; x_wconf 83' lang='lat' dir='ltr'><strong>aquodam</strong></span> <span class='ocrx_word' id='word_1_230' title='bbox 743 3094 864 3154; x_wconf 87' lang='lat' dir='ltr'><strong>tardiori</strong></span> <span class='ocrx_word' id='word_1_231' title='bbox 880 3093 1012 3172; x_wconf 83' lang='lat' dir='ltr'><strong>falsario,</strong></span> <span class='ocrx_word' id='word_1_232' title='bbox 1032 3095 1063 3154; x_wconf 95' lang='lat' dir='ltr'><strong>ni</strong></span> <span class='ocrx_word' id='word_1_233' title='bbox 1081 3096 1136 3156; x_wconf 90' lang='lat' dir='ltr'><strong>iste</strong></span> <span class='ocrx_word' id='word_1_234' title='bbox 1153 3092 1277 3154; x_wconf 84' lang='lat' dir='ltr'><strong>forsitan</strong></span> <span class='ocrx_word' id='word_1_235' title='bbox 1299 3095 1364 3171; x_wconf 87' lang='lat' dir='ltr'><strong>ipse</strong></span> <span class='ocrx_word' id='word_1_236' title='bbox 1383 3093 1446 3154; x_wconf 85' lang='lat' dir='ltr'><strong>edi-</strong></span> 
     </span>
     <span class='ocr_line' id='line_1_28' title="bbox 246 3180 1446 3260; baseline -0.002 -18"><span class='ocrx_word' id='word_1_237' title='bbox 246 3185 293 3242; x_wconf 87' lang='lat' dir='ltr'><strong>tor</strong></span> <span class='ocrx_word' id='word_1_238' title='bbox 308 3181 371 3260; x_wconf 87' lang='lat' dir='ltr'><strong>init,</strong></span> <span class='ocrx_word' id='word_1_239' title='bbox 389 3181 578 3256; x_wconf 90' lang='lat' dir='ltr'><strong>compilatum</strong></span> <span class='ocrx_word' id='word_1_240' title='bbox 593 3197 659 3242; x_wconf 90' lang='lat' dir='ltr'><strong>esse</strong></span> <span class='ocrx_word' id='word_1_241' title='bbox 674 3187 784 3242; x_wconf 90' lang='lat' dir='ltr'><strong>censet.</strong></span> <span class='ocrx_word' id='word_1_242' title='bbox 809 3181 919 3242; x_wconf 86' lang='lat' dir='ltr'><strong>Verum</strong></span> <span class='ocrx_word' id='word_1_243' title='bbox 942 3180 1061 3242; x_wconf 78' lang='lat' dir='ltr'><strong>Krbolic</strong></span> <span class='ocrx_word' id='word_1_244' title='bbox 1085 3180 1243 3242; x_wconf 86' lang='lat' dir='ltr'><strong>firmiorem</strong></span> <span class='ocrx_word' id='word_1_245' title='bbox 1260 3181 1446 3257; x_wconf 88' lang='lat' dir='ltr'><strong>ampliorem·</strong></span> 
     </span>
     <span class='ocr_line' id='line_1_29' title="bbox 247 3266 1446 3346; baseline -0.002 -18"><span class='ocrx_word' id='word_1_246' title='bbox 247 3285 305 3346; x_wconf 91' lang='lat' dir='ltr'><strong>qne</strong></span> <span class='ocrx_word' id='word_1_247' title='bbox 321 3285 420 3328; x_wconf 88' lang='lat' dir='ltr'><strong>rerum</strong></span> <span class='ocrx_word' id='word_1_248' title='bbox 435 3266 665 3344; x_wconf 83' lang='lat' dir='ltr'><strong>hungaricarum</strong></span> <span class='ocrx_word' id='word_1_249' title='bbox 680 3267 833 3328; x_wconf 88' lang='lat' dir='ltr'><strong>scientiam</strong></span> <span class='ocrx_word' id='word_1_250' title='bbox 850 3269 880 3328; x_wconf 92' lang='lat' dir='ltr'><strong>in</strong></span> <span class='ocrx_word' id='word_1_251' title='bbox 895 3269 1036 3344; x_wconf 87' lang='lat' dir='ltr'><strong>operibus</strong></span> <span class='ocrx_word' id='word_1_252' title='bbox 1051 3268 1112 3328; x_wconf 88' lang='lat' dir='ltr'><strong>suis</strong></span> <span class='ocrx_word' id='word_1_253' title='bbox 1127 3268 1226 3343; x_wconf 85' lang='lat' dir='ltr'><strong>palam</strong></span> <span class='ocrx_word' id='word_1_254' title='bbox 1251 3267 1330 3346; x_wconf 82' lang='lat' dir='ltr'><strong>fecit,</strong></span> <span class='ocrx_word' id='word_1_255' title='bbox 1357 3284 1446 3344; x_wconf 87' lang='lat' dir='ltr'><strong>qnam</strong></span> 
     </span>
     <span class='ocr_line' id='line_1_30' title="bbox 245 3351 1447 3431; baseline -0.002 -16"><span class='ocrx_word' id='word_1_256' title='bbox 245 3359 279 3415; x_wconf 93' lang='lat' dir='ltr'><strong>ut</strong></span> <span class='ocrx_word' id='word_1_257' title='bbox 301 3353 442 3414; x_wconf 83' lang='lat' dir='ltr'><strong>facinoris</strong></span> <span class='ocrx_word' id='word_1_258' title='bbox 465 3351 608 3415; x_wconf 85' lang='lat' dir='ltr'><strong>eiusmodi</strong></span> <span class='ocrx_word' id='word_1_259' title='bbox 631 3354 757 3416; x_wconf 89' lang='lat' dir='ltr'><strong>incusari</strong></span> <span class='ocrx_word' id='word_1_260' title='bbox 781 3355 936 3431; x_wconf 82' lang='lat' dir='ltr'><strong>poeniteo</strong></span> <span class='ocrx_word' id='word_1_261' title='bbox 956 3354 1075 3430; x_wconf 85' lang='lat' dir='ltr'><strong>quidem</strong></span> <span class='ocrx_word' id='word_1_262' title='bbox 1090 3355 1187 3414; x_wconf 86' lang='lat' dir='ltr'><strong>minus</strong></span> <span class='ocrx_word' id='word_1_263' title='bbox 1203 3353 1282 3431; x_wconf 88' lang='lat' dir='ltr'><strong>qnod</strong></span> <span class='ocrx_word' id='word_1_264' title='bbox 1298 3351 1447 3430; x_wconf 84' lang='lat' dir='ltr'><strong>fragmen-</strong></span> 
     </span>
    </p>
   </div>
   <div class='ocr_carea' id='block_1_4' title="bbox 248 3439 1558 3524">
    <p class='ocr_par' dir='ltr' id='par_1_5' title="bbox 248 3439 1558 3524">
     <span class='ocr_line' id='line_1_31' title="bbox 248 3439 1558 3524; baseline 0.001 -24"><span class='ocrx_word' id='word_1_265' title='bbox 248 3445 310 3500; x_wconf 90' lang='lat' dir='ltr'><strong>tum</strong></span> <span class='ocrx_word' id='word_1_266' title='bbox 326 3441 404 3501; x_wconf 88' lang='lat' dir='ltr'><strong>istud</strong></span> <span class='ocrx_word' id='word_1_267' title='bbox 420 3440 629 3501; x_wconf 85' lang='lat' dir='ltr'><strong>vetustioribus</strong></span> <span class='ocrx_word' id='word_1_268' title='bbox 641 3440 788 3501; x_wconf 88' lang='lat' dir='ltr'><strong>chronicis</strong></span> <span class='ocrx_word' id='word_1_269' title='bbox 799 3441 978 3522; x_wconf 81' lang='lat' dir='ltr'><strong>hungaricis,</strong></span> <span class='ocrx_word' id='word_1_270' title='bbox 996 3441 1092 3516; x_wconf 87' lang='lat' dir='ltr'><strong>qualis</strong></span> <span class='ocrx_word' id='word_1_271' title='bbox 1105 3441 1155 3501; x_wconf 88' lang='lat' dir='ltr'><strong>illa</strong></span> <span class='ocrx_word' id='word_1_272' title='bbox 1171 3439 1297 3501; x_wconf 83' lang='lat' dir='ltr'><strong>Simonis</strong></span> <span class='ocrx_word' id='word_1_273' title='bbox 1314 3439 1351 3502; x_wconf 86' lang='lat' dir='ltr'><strong>de</strong></span> <span class='ocrx_word' id='word_1_274' title='bbox 1363 3441 1448 3501; x_wconf 85' lang='lat' dir='ltr'><strong>Kena</strong></span> <span class='ocrx_word' id='word_1_275' title='bbox 1553 3515 1558 3524; x_wconf 28' lang='lat'>¹</span> 
     </span>
    </p>
   </div>
   <div class='ocr_carea' id='block_1_5' title="bbox 245 3521 1471 4734">
    <p class='ocr_par' dir='ltr' id='par_1_6' title="bbox 247 3521 870 3610">
     <span class='ocr_line' id='line_1_32' title="bbox 247 3521 870 3610; baseline 0.002 -22"><span class='ocrx_word' id='word_1_276' title='bbox 247 3531 293 3588; x_wconf 79' lang='lat' dir='ltr'><strong>ast</strong></span> <span class='ocrx_word' id='word_1_277' title='bbox 308 3521 351 3610; x_wconf 80' lang='lat' dir='ltr'><strong>(v,</strong></span> <span class='ocrx_word' id='word_1_278' title='bbox 368 3526 445 3586; x_wconf 85' lang='lat' dir='ltr'><strong>inira</strong></span> <span class='ocrx_word' id='word_1_279' title='bbox 461 3543 490 3603; x_wconf 94' lang='lat' dir='ltr'><strong>p.</strong></span> <span class='ocrx_word' id='word_1_280' title='bbox 507 3522 607 3610; x_wconf 83' lang='lat'><strong>481.)‚</strong></span> <span class='ocrx_word' id='word_1_281' title='bbox 624 3527 709 3587; x_wconf 90' lang='lat' dir='ltr'><strong>inniti</strong></span> <span class='ocrx_word' id='word_1_282' title='bbox 725 3528 870 3590; x_wconf 86' lang='lat' dir='ltr'><strong>videatur.</strong></span> 
     </span>
    </p>

    <p class='ocr_par' dir='ltr' id='par_1_7' title="bbox 245 3611 1471 4734">
     <span class='ocr_line' id='line_1_33' title="bbox 292 3611 1445 3694; baseline -0.001 -21"><span class='ocrx_word' id='word_1_283' title='bbox 292 3611 377 3688; x_wconf 79' lang='lat' dir='ltr'><strong>Quae</strong></span> <span class='ocrx_word' id='word_1_284' title='bbox 394 3613 431 3675; x_wconf 87' lang='lat' dir='ltr'><strong>de</strong></span> <span class='ocrx_word' id='word_1_285' title='bbox 446 3613 536 3674; x_wconf 89' lang='lat' dir='ltr'><strong>rebus</strong></span> <span class='ocrx_word' id='word_1_286' title='bbox 551 3614 687 3674; x_wconf 90' lang='lat' dir='ltr'><strong>croatiois</strong></span> <span class='ocrx_word' id='word_1_287' title='bbox 701 3614 731 3673; x_wconf 90' lang='lat' dir='ltr'><strong>in</strong></span> <span class='ocrx_word' id='word_1_288' title='bbox 747 3613 803 3674; x_wconf 92' lang='lat' dir='ltr'><strong>hoc</strong></span> <span class='ocrx_word' id='word_1_289' title='bbox 818 3613 996 3676; x_wconf 86' lang='lat' dir='ltr'><strong>documento</strong></span> <span class='ocrx_word' id='word_1_290' title='bbox 1011 3612 1193 3694; x_wconf 85' lang='lat' dir='ltr'><strong>adferuntur,</strong></span> <span class='ocrx_word' id='word_1_291' title='bbox 1218 3611 1445 3674; x_wconf 85' lang='lat' dir='ltr'><strong>deductionibus</strong></span> 
     </span>
     <span class='ocr_line' id='line_1_34' title="bbox 249 3699 1445 3777; baseline -0.001 -17"><span class='ocrx_word' id='word_1_292' title='bbox 249 3699 395 3760; x_wconf 87' lang='lat' dir='ltr'><strong>historicis</strong></span> <span class='ocrx_word' id='word_1_293' title='bbox 419 3700 619 3776; x_wconf 87' lang='lat' dir='ltr'><strong>compilatoris</strong></span> <span class='ocrx_word' id='word_1_294' title='bbox 642 3699 838 3761; x_wconf 85' lang='lat' dir='ltr'><strong>adtribucnda</strong></span> <span class='ocrx_word' id='word_1_295' title='bbox 854 3717 920 3761; x_wconf 89' lang='lat' dir='ltr'><strong>esse</strong></span> <span class='ocrx_word' id='word_1_296' title='bbox 935 3699 1082 3761; x_wconf 85' lang='lat' dir='ltr'><strong>videntur.</strong></span> <span class='ocrx_word' id='word_1_297' title='bbox 1107 3701 1186 3760; x_wconf 89' lang='lat' dir='ltr'><strong>Dum</strong></span> <span class='ocrx_word' id='word_1_298' title='bbox 1201 3699 1344 3777; x_wconf 83' lang='lat' dir='ltr'><strong>Stephani</strong></span> <span class='ocrx_word' id='word_1_299' title='bbox 1367 3699 1445 3759; x_wconf 85' lang='lat' dir='ltr'><strong>lilius</strong></span> 
     </span>
     <span class='ocr_line' id='line_1_35' title="bbox 247 3783 1446 3870; baseline 0.001 -24"><span class='ocrx_word' id='word_1_300' title='bbox 247 3787 401 3846; x_wconf 80' lang='lat' dir='ltr'><strong>Emericne</strong></span> <span class='ocrx_word' id='word_1_301' title='bbox 412 3787 442 3846; x_wconf 92' lang='lat' dir='ltr'><strong>in</strong></span> <span class='ocrx_word' id='word_1_302' title='bbox 454 3785 585 3847; x_wconf 84' lang='lat' dir='ltr'><strong>eiusdem</strong></span> <span class='ocrx_word' id='word_1_303' title='bbox 596 3785 698 3866; x_wconf 82' lang='lat' dir='ltr'><strong>„vita“</strong></span> <span class='ocrx_word' id='word_1_304' title='bbox 709 3783 898 3870; x_wconf 81' lang='lat' dir='ltr'><strong>(lludlicherz</strong></span> <span class='ocrx_word' id='word_1_305' title='bbox 915 3804 972 3848; x_wconf 88' lang='lat' dir='ltr'><strong>ror.</strong></span> <span class='ocrx_word' id='word_1_306' title='bbox 985 3786 1075 3864; x_wconf 91' lang='lat' dir='ltr'><strong>hung.</strong></span> <span class='ocrx_word' id='word_1_307' title='bbox 1089 3805 1166 3849; x_wconf 90' lang='lat' dir='ltr'><strong>mon.</strong></span> <span class='ocrx_word' id='word_1_308' title='bbox 1180 3787 1285 3862; x_wconf 89' lang='lat' dir='ltr'><strong>arpad.</strong></span> <span class='ocrx_word' id='word_1_309' title='bbox 1299 3788 1322 3866; x_wconf 81' lang='grc' dir='ltr'><strong>Ι,</strong></span> <span class='ocrx_word' id='word_1_310' title='bbox 1340 3788 1446 3847; x_wconf 87' lang='grc'><strong>193-</strong></span> 
     </span>
     <span class='ocr_line' id='line_1_36' title="bbox 248 3867 1445 3955; baseline 0 -23"><span class='ocrx_word' id='word_1_311' title='bbox 248 3867 324 3954; x_wconf 82' lang='grc'><strong>201)</strong></span> <span class='ocrx_word' id='word_1_312' title='bbox 340 3871 441 3955; x_wconf 58' lang='lat' dir='ltr'><strong>„dum</strong></span> <span class='ocrx_word' id='word_1_313' title='bbox 454 3872 655 3933; x_wconf 87' lang='lat' dir='ltr'><strong>tantummodo</strong></span> <span class='ocrx_word' id='word_1_314' title='bbox 668 3874 844 3949; x_wconf 80' lang='lat' dir='ltr'><strong>appellatur,</strong></span> <span class='ocrx_word' id='word_1_315' title='bbox 861 3873 981 3934; x_wconf 85' lang='lat' dir='ltr'><strong>additur</strong></span> <span class='ocrx_word' id='word_1_316' title='bbox 996 3874 1066 3934; x_wconf 85' lang='lat' dir='ltr'><strong>alibi</strong></span> <span class='ocrx_word' id='word_1_317' title='bbox 1079 3875 1168 3933; x_wconf 90' lang='lat' dir='ltr'><strong>etiam</strong></span> <span class='ocrx_word' id='word_1_318' title='bbox 1183 3873 1347 3950; x_wconf 81' lang='lat' dir='ltr'><strong>provincia,</strong></span> <span class='ocrx_word' id='word_1_319' title='bbox 1363 3873 1445 3933; x_wconf 86' lang='lat' dir='ltr'><strong>ouius</strong></span> 
     </span>
     <span class='ocr_line' id='line_1_37' title="bbox 246 3957 1471 4038; baseline 0 -20"><span class='ocrx_word' id='word_1_320' title='bbox 246 3958 307 4019; x_wconf 86' lang='lat' dir='ltr'><strong>dux</strong></span> <span class='ocrx_word' id='word_1_321' title='bbox 330 3958 432 4019; x_wconf 86' lang='lat' dir='ltr'><strong>inerit:</strong></span> <span class='ocrx_word' id='word_1_322' title='bbox 456 3959 486 4019; x_wconf 91' lang='lat' dir='ltr'><strong>iu</strong></span> <span class='ocrx_word' id='word_1_323' title='bbox 508 3959 663 4020; x_wconf 87' lang='lat' dir='ltr'><strong>annalibus</strong></span> <span class='ocrx_word' id='word_1_324' title='bbox 686 3959 870 4022; x_wconf 87' lang='lat' dir='ltr'><strong>hildesheim.</strong></span> <span class='ocrx_word' id='word_1_325' title='bbox 895 3957 948 4038; x_wconf 88' lang='lat' dir='ltr'><strong>(ad</strong></span> <span class='ocrx_word' id='word_1_326' title='bbox 963 3979 991 4019; x_wconf 93' lang='lat' dir='ltr'><strong>a.</strong></span> <span class='ocrx_word' id='word_1_327' title='bbox 1018 3962 1111 4020; x_wconf 87' lang='lat'><strong>1031.</strong></span> <span class='ocrx_word' id='word_1_328' title='bbox 1128 3959 1231 4019; x_wconf 85' lang='lat' dir='ltr'><strong>Perta:</strong></span> <span class='ocrx_word' id='word_1_329' title='bbox 1248 3959 1325 4020; x_wconf 83' lang='lat' dir='ltr'><strong>Mon.</strong></span> <span class='ocrx_word' id='word_1_330' title='bbox 1343 3957 1443 4020; x_wconf 86' lang='lat' dir='ltr'><strong>Germ.</strong></span> <span class='ocrx_word' id='word_1_331' title='bbox 1469 3975 1471 3982; x_wconf 77' lang='grc'><em>’</em></span> 
     </span>
     <span class='ocr_line' id='line_1_38' title="bbox 246 4041 1446 4126; baseline -0.001 -20"><span class='ocrx_word' id='word_1_332' title='bbox 246 4045 297 4106; x_wconf 84' lang='lat' dir='ltr'><strong>SS.</strong></span> <span class='ocrx_word' id='word_1_333' title='bbox 321 4045 377 4124; x_wconf 77' lang='grc' dir='ltr'>ΙΙΙ,</span> <span class='ocrx_word' id='word_1_334' title='bbox 403 4041 457 4126; x_wconf 89' lang='grc'><strong>98)</strong></span> <span class='ocrx_word' id='word_1_335' title='bbox 483 4045 564 4124; x_wconf 86' lang='lat' dir='ltr'><strong>„dux</strong></span> <span class='ocrx_word' id='word_1_336' title='bbox 587 4042 811 4124; x_wconf 75' lang='lat' dir='ltr'><strong>Ruinorum“²⁴,</strong></span> <span class='ocrx_word' id='word_1_337' title='bbox 835 4047 865 4107; x_wconf 90' lang='lat' dir='ltr'><strong>in</strong></span> <span class='ocrx_word' id='word_1_338' title='bbox 888 4045 1028 4106; x_wconf 89' lang='lat' dir='ltr'><strong>chronica</strong></span> <span class='ocrx_word' id='word_1_339' title='bbox 1054 4045 1254 4122; x_wconf 86' lang='lat' dir='ltr'><strong>hungarorum</strong></span> <span class='ocrx_word' id='word_1_340' title='bbox 1272 4043 1446 4126; x_wconf 81' lang='lat' dir='ltr'><strong>(Endlicher</strong></span> 
     </span>
     <span class='ocr_line' id='line_1_39' title="bbox 246 4129 1446 4212; baseline 0 -20"><span class='ocrx_word' id='word_1_341' title='bbox 246 4129 435 4212; x_wconf 71' lang='lat' dir='ltr'><strong>illapso)</strong></span> <span class='ocrx_word' id='word_1_342' title='bbox 455 4133 579 4210; x_wconf 83' lang='lat' dir='ltr'><strong>„nobilis</strong></span> <span class='ocrx_word' id='word_1_343' title='bbox 595 4132 655 4192; x_wconf 87' lang='lat' dir='ltr'><strong>dux</strong></span> <span class='ocrx_word' id='word_1_344' title='bbox 671 4132 859 4208; x_wconf 84' lang='lat' dir='ltr'><strong>Sclavenie“‚</strong></span> <span class='ocrx_word' id='word_1_345' title='bbox 883 4133 913 4192; x_wconf 90' lang='lat' dir='ltr'><strong>in</strong></span> <span class='ocrx_word' id='word_1_346' title='bbox 941 4132 1115 4193; x_wconf 88' lang='lat' dir='ltr'><strong>lectionibus</strong></span> <span class='ocrx_word' id='word_1_347' title='bbox 1138 4131 1277 4192; x_wconf 87' lang='lat' dir='ltr'><strong>breviarii</strong></span> <span class='ocrx_word' id='word_1_348' title='bbox 1302 4133 1446 4193; x_wconf 85' lang='lat' dir='ltr'><strong>ccclesiae</strong></span> 
     </span>
     <span class='ocr_line' id='line_1_40' title="bbox 245 4215 1447 4300; baseline -0.002 -20"><span class='ocrx_word' id='word_1_349' title='bbox 245 4219 367 4296; x_wconf 81' lang='lat' dir='ltr'><strong>usgrab.</strong></span> <span class='ocrx_word' id='word_1_350' title='bbox 384 4215 517 4299; x_wconf 81' lang='lat' dir='ltr'><strong>(Krbelib</strong></span> <span class='ocrx_word' id='word_1_351' title='bbox 532 4236 580 4296; x_wconf 92' lang='lat' dir='ltr'><strong>op.</strong></span> <span class='ocrx_word' id='word_1_352' title='bbox 597 4220 645 4280; x_wconf 91' lang='lat' dir='ltr'><strong>cit.</strong></span> <span class='ocrx_word' id='word_1_353' title='bbox 663 4237 692 4295; x_wconf 91' lang='lat' dir='ltr'><strong>p.</strong></span> <span class='ocrx_word' id='word_1_354' title='bbox 712 4222 783 4280; x_wconf 86' lang='lat'><strong>103.</strong></span> <span class='ocrx_word' id='word_1_355' title='bbox 800 4219 866 4280; x_wconf 80' lang='lat' dir='ltr'><strong>Rau</strong></span> <span class='ocrx_word' id='word_1_356' title='bbox 883 4219 1006 4300; x_wconf 86' lang='lat' dir='ltr'>XXVII,</span> <span class='ocrx_word' id='word_1_357' title='bbox 1024 4217 1079 4300; x_wconf 84' lang='grc'><strong>84)</strong></span> <span class='ocrx_word' id='word_1_358' title='bbox 1100 4218 1178 4294; x_wconf 82' lang='lat' dir='ltr'><strong>„dux</strong></span> <span class='ocrx_word' id='word_1_359' title='bbox 1194 4217 1383 4280; x_wconf 80' lang='lat' dir='ltr'><strong>Solanonie“.</strong></span> <span class='ocrx_word' id='word_1_360' title='bbox 1399 4218 1447 4278; x_wconf 89' lang='lat' dir='ltr'><strong>Ita</strong></span> 
     </span>
     <span class='ocr_line' id='line_1_41' title="bbox 246 4301 1445 4388; baseline -0.002 -22"><span class='ocrx_word' id='word_1_361' title='bbox 246 4305 334 4366; x_wconf 85' lang='lat' dir='ltr'><strong>etiarn</strong></span> <span class='ocrx_word' id='word_1_362' title='bbox 359 4322 498 4382; x_wconf 90' lang='lat' dir='ltr'><strong>sponsam</strong></span> <span class='ocrx_word' id='word_1_363' title='bbox 520 4306 648 4366; x_wconf 78' lang='lat' dir='ltr'><strong>himerici</strong></span> <span class='ocrx_word' id='word_1_364' title='bbox 672 4307 771 4386; x_wconf 79' lang='lat' dir='ltr'><strong>„vita“</strong></span> <span class='ocrx_word' id='word_1_365' title='bbox 799 4304 861 4386; x_wconf 86' lang='lat' dir='ltr'><strong>(ed.</strong></span> <span class='ocrx_word' id='word_1_366' title='bbox 885 4307 933 4366; x_wconf 90' lang='lat' dir='ltr'><strong>cit.</strong></span> <span class='ocrx_word' id='word_1_367' title='bbox 954 4323 984 4381; x_wconf 88' lang='lat' dir='ltr'><strong>p.</strong></span> <span class='ocrx_word' id='word_1_368' title='bbox 1004 4301 1079 4388; x_wconf 81' lang='grc'><strong>197)</strong></span> <span class='ocrx_word' id='word_1_369' title='bbox 1096 4307 1126 4365; x_wconf 95' lang='lat' dir='ltr'><strong>in</strong></span> <span class='ocrx_word' id='word_1_370' title='bbox 1141 4322 1251 4382; x_wconf 88' lang='lat' dir='ltr'><strong>genere</strong></span> <span class='ocrx_word' id='word_1_371' title='bbox 1272 4304 1327 4384; x_wconf 84' lang='lat' dir='ltr'><strong>„de</strong></span> <span class='ocrx_word' id='word_1_372' title='bbox 1350 4305 1445 4381; x_wconf 87' lang='lat' dir='ltr'><strong>regali</strong></span> 
     </span>
     <span class='ocr_line' id='line_1_42' title="bbox 246 4391 1445 4470; baseline -0.002 -18"><span class='ocrx_word' id='word_1_373' title='bbox 246 4391 404 4469; x_wconf 86' lang='lat' dir='ltr'><strong>prosapia¹‘</strong></span> <span class='ocrx_word' id='word_1_374' title='bbox 431 4395 525 4452; x_wconf 89' lang='lat' dir='ltr'><strong>ortam</strong></span> <span class='ocrx_word' id='word_1_375' title='bbox 548 4392 627 4470; x_wconf 85' lang='lat' dir='ltr'><strong>dicit,</strong></span> <span class='ocrx_word' id='word_1_376' title='bbox 653 4393 732 4468; x_wconf 86' lang='lat' dir='ltr'><strong>quod</strong></span> <span class='ocrx_word' id='word_1_377' title='bbox 756 4395 845 4453; x_wconf 88' lang='lat' dir='ltr'><strong>etiam</strong></span> <span class='ocrx_word' id='word_1_378' title='bbox 868 4394 906 4452; x_wconf 95' lang='lat' dir='ltr'><strong>ab</strong></span> <span class='ocrx_word' id='word_1_379' title='bbox 922 4391 1018 4452; x_wconf 84' lang='lat' dir='ltr'><strong>officio</strong></span> <span class='ocrx_word' id='word_1_380' title='bbox 1035 4393 1179 4452; x_wconf 88' lang='lat' dir='ltr'><strong>ecclesiae</strong></span> <span class='ocrx_word' id='word_1_381' title='bbox 1194 4409 1276 4467; x_wconf 82' lang='lat' dir='ltr'><strong>sagr.</strong></span> <span class='ocrx_word' id='word_1_382' title='bbox 1293 4395 1445 4466; x_wconf 89' lang='lat' dir='ltr'><strong>receptum</strong></span> 
     </span>
     <span class='ocr_line' id='line_1_43' title="bbox 246 4476 1444 4560; baseline -0.001 -22"><span class='ocrx_word' id='word_1_383' title='bbox 246 4482 308 4558; x_wconf 86' lang='lat' dir='ltr'><strong>est;</strong></span> <span class='ocrx_word' id='word_1_384' title='bbox 325 4479 448 4538; x_wconf 88' lang='lat' dir='ltr'><strong>annales</strong></span> <span class='ocrx_word' id='word_1_385' title='bbox 463 4496 535 4539; x_wconf 87' lang='lat' dir='ltr'><strong>vero</strong></span> <span class='ocrx_word' id='word_1_386' title='bbox 551 4479 677 4555; x_wconf 92' lang='lat' dir='ltr'><strong>polonici</strong></span> <span class='ocrx_word' id='word_1_387' title='bbox 694 4476 886 4560; x_wconf 77' lang='lat' dir='ltr'><strong>(Bielowskir</strong></span> <span class='ocrx_word' id='word_1_388' title='bbox 902 4480 1093 4540; x_wconf 86' lang='lat' dir='ltr'><strong>Monumeuta</strong></span> <span class='ocrx_word' id='word_1_389' title='bbox 1108 4479 1249 4539; x_wconf 90' lang='lat' dir='ltr'><strong>Poloniae</strong></span> <span class='ocrx_word' id='word_1_390' title='bbox 1265 4477 1405 4539; x_wconf 83' lang='lat' dir='ltr'><strong>historica</strong></span> <span class='ocrx_word' id='word_1_391' title='bbox 1419 4478 1444 4558; x_wconf 81' lang='grc' dir='ltr'><strong>Ι,</strong></span> 
     </span>
     <span class='ocr_line' id='line_1_44' title="bbox 249 4560 1442 4734; baseline 0 -110"><span class='ocrx_word' id='word_1_392' title='bbox 249 4560 326 4646; x_wconf 84' lang='grc'>508)</span> <span class='ocrx_word' id='word_1_393' title='bbox 343 4564 467 4625; x_wconf 76' lang='grc' dir='ltr'>οιιιιᾱοιιι</span> <span class='ocrx_word' id='word_1_394' title='bbox 482 4565 637 4734; x_wconf 47' lang='lat' dir='ltr'><strong>Messenia,</strong></span> <span class='ocrx_word' id='word_1_395' title='bbox 655 4566 795 4628; x_wconf 90' lang='lat' dir='ltr'><strong>Poloniae</strong></span> <span class='ocrx_word' id='word_1_396' title='bbox 810 4567 900 4648; x_wconf 87' lang='lat' dir='ltr'><strong>regis,</strong></span> <span class='ocrx_word' id='word_1_397' title='bbox 916 4566 1007 4628; x_wconf 87' lang='lat' dir='ltr'><strong>filiam</strong></span> <span class='ocrx_word' id='word_1_398' title='bbox 1023 4565 1112 4627; x_wconf 87' lang='lat' dir='ltr'><strong>fuisse</strong></span> <span class='ocrx_word' id='word_1_399' title='bbox 1127 4564 1285 4642; x_wconf 86' lang='lat' dir='ltr'><strong>perhibent</strong></span> <span class='ocrx_word' id='word_1_400' title='bbox 1300 4561 1351 4649; x_wconf 90' lang='lat' dir='ltr'><strong>(V.</strong></span> <span class='ocrx_word' id='word_1_401' title='bbox 1367 4564 1442 4644; x_wconf 76' lang='lat' dir='ltr'><strong>aad,</strong></span> 
     </span>
     <span class='ocr_line' id='line_1_45' title="bbox 246 4652 564 4728; baseline 0.009 -16"><span class='ocrx_word' id='word_1_402' title='bbox 246 4652 302 4716; x_wconf 93' lang='lat' dir='ltr'><strong>loc.</strong></span> <span class='ocrx_word' id='word_1_403' title='bbox 319 4652 367 4714; x_wconf 91' lang='lat' dir='ltr'><strong>cit.</strong></span> <span class='ocrx_word' id='word_1_404' title='bbox 384 4669 414 4728; x_wconf 94' lang='lat' dir='ltr'><strong>p.</strong></span> <span class='ocrx_word' id='word_1_405' title='bbox 432 4652 537 4713; x_wconf 76' lang='lat' dir='ltr'><strong>ill-b</strong></span> <span class='ocrx_word' id='word_1_406' title='bbox 556 4699 564 4715; x_wconf 92' lang='lat'><strong>.</strong></span> 
     </span>
    </p>
   </div>
   <div class='ocr_carea' id='block_1_6' title="bbox 0 0 1778 5282">
    <p class='ocr_par' dir='ltr' id='par_1_8' title="bbox 0 0 1778 5282">
     <span class='ocr_line' id='line_1_46' title="bbox 0 0 1778 5282; baseline 0 0"><span class='ocrx_word' id='word_1_407' title='bbox 0 0 1778 5282; x_wconf 95' lang='lat' dir='ltr'><strong> </strong></span> 
     </span>
    </p>
   </div>
  </div>
 </body>
</html>
