3520 5422
276 731 280 745 Ι
718 656 807 726 3151,

140 757 203 818 tim
218 777 237 818 a
253 759 310 819 rm.

142 895 245 992 Crat,
266 913 363 994 filius
394 911 585 994 Prestuaoii,
612 917 705 998 prior
734 916 935 1000 spolmeasr's,
968 921 1156 981 monasterio
1184 939 1208 984 o.
1233 917 1381 1004 sapitum

133 1039 237 1102 prope
266 1017 430 1102 Spalatum
461 1019 596 1082 coneedit
626 1020 780 1084 eeclesiam
811 1041 835 1083 s.
861 1017 985 1083 Mariae
1013 1021 1050 1084 de
1074 1021 1212 1106 Paluda,
1243 1045 1377 1108 quomo

436 1131 528 1206 patre
546 1144 604 1186 sata
628 1132 793 1208 acceperat.
819 1124 917 1207 (Vide
938 1146 987 1190 ar.
1014 1127 1081 1210 31).

186 1261 247 1327 Nel
285 1281 377 1327 nome
415 1263 447 1326 di
485 1269 592 1329 nostro
631 1263 746 1345 Signor
821 1265 858 1328 In
881 1265 1005 1331 nomine
1035 1266 1152 1332 domini
1175 1269 1274 1333 nostri
1297 1269 1375 1334 1111

138 1365 228 1431 Gesb
252 1367 387 1432 Christo.
419 1367 453 1432 Io
477 1367 588 1444 Ziruo,
621 1367 650 1432 al
674 1387 744 1448 pre·
776 1368 903 1434 Christi.
937 1369 1008 1452 Ego
1032 1369 1145 1449 ano,
1177 1391 1260 1437 nuno
1289 1375 1377 1454 prior

142 1477 234 1536 sente
265 1471 369 1551 priore
393 1471 594 1552 dispalato,
627 1471 743 1554 figliolo
774 1474 977 1556 spalatensis,
1010 1473 1093 1540 iilius
1117 1476 1200 1541 bone
1223 1477 1376 1544 memorie

141 1575 228 1641 deiia
262 1577 345 1638 bona
385 1576 533 1642 memoria
561 1575 743 1642 Prestanzio
774 1577 944 1642 Prostentii
956 1578 1278 1661 priorisspalatensis.
1291 1580 1370 1646 Cum

139 1680 249 1761 priore
273 1679 305 1744 di
329 1677 468 1761 Spalato.
492 1679 668 1745 Essendosi
689 1682 743 1746 de·
774 1682 861 1760 deus,
886 1683 1029 1748 dominus
1054 1691 1167 1764 noster,
1192 1683 1374 1768 dignaretur

138 1791 239 1864 gnato
263 1787 373 1848 nostro
398 1781 511 1867 Signor
532 1785 592 1850 Dio
616 1785 648 1850 di
670 1786 743 1850 visi·
774 1786 901 1852 visitare
934 1805 1000 1862 me,
1037 1788 1105 1868 cepi
1140 1787 1375 1855 infirmitatibus

139 1888 249 1965 narmi,
273 1887 313 1952 ho
336 1889 554 1954 incominciato
579 1907 666 1956 esser
682 1895 745 1954 tra-
777 1891 916 1971 corporis
932 1893 1046 1964 vexari,
1070 1899 1103 1956 11
1119 1891 1212 1956 finem
1229 1894 1292 1959 vite
1307 1913 1376 1960 mee

140 1991 742 2076 1111111011111110011110111110100,
773 1996 909 2059 uicinum
926 2015 996 2061 esse
1010 2001 1124 2077 putans
1140 1997 1296 2062 adnotare
1311 1997 1371 2064 feci

139 2105 173 2162 et
204 2097 362 2162 stimsndo
394 2097 494 2163 vicino
523 2098 544 2162 il
574 2097 635 2162 1101
659 2099 744 2164 delia
775 2097 873 2164 tilium
896 2119 999 2164 rnenm
1024 2101 1170 2165 donmum
1188 2102 1368 2166 Dabronem

137 2202 205 2267 mia
235 2202 301 2266 vita
328 2201 370 2267 ho
397 2201 478 2267 tatto
502 2201 659 2268 ehiarnare
682 2205 743 2268 mio
774 2203 920 2270 abbatem
938 2205 1037 2270 sancti
1054 2205 1214 2286 Stephani,
1232 2208 1286 2287 qui
1302 2225 1374 2272 oum

136 2305 262 2389 figiiolo
285 2306 347 2372 don
369 2306 488 2371 Dabrio
509 2307 624 2374 abbate
640 2307 670 2372 di
687 2327 744 2372 san
776 2308 915 2373 uenisset
945 2328 1014 2373 euro
1048 2310 1112 2374 suis
1145 2311 1305 2376 monachis
1340 2316 1375 2376 11

139 2409 295 2492 Stefana,
335 2411 427 2492 quale
461 2411 595 2477 essendo
629 2421 744 2478 venato
775 2431 824 2477 me
847 2413 1007 2490 inuiseret,
1032 2415 1125 2477 immo
1145 2419 1180 2480 nt
1195 2433 1245 2480 me
1263 2414 1374 2480 exhor·

140 2534 205 2581 oon
239 2515 250 2579 i
283 2517 350 2580 suoi
384 2514 457 2579 frati
491 2533 547 2596 per
581 2517 742 2594 visitarant,
774 2523 905 2593 teretur,
932 2536 1040 2583 omnes
1064 2518 1182 2599 pariter
1205 2519 1374 2586 admonere

140 2621 217 2685 anzi
233 2637 290 2701 per
306 2620 480 2699 esortamsi,
504 2620 745 2704 inoorninoiorno
776 2641 826 2685 me
850 2629 1017 2703 sepserunt,
1054 2628 1089 2686 ut
1116 2630 1224 2689 sancte
1245 2643 1374 2690 conner-

12 2785 13 2800 ]
134 2725 216 2790 tutti
253 2723 428 2805 parimente
466 2725 506 2792 ad
544 2726 737 2814 arnmonirmi
767 2727 897 2791 sationis
930 2725 1071 2792 habitum
1094 2728 1259 2794 induerem
1281 2735 1315 2795 et
1338 2729 1372 2794 fi-

135 2827 741 2912 10131111111111011111111111001-
773 2849 858 2896 erem
896 2832 1068 2897 eorundem
1105 2830 1213 2897 frater.
1254 2831 1373 2911 Quibus

136 2933 321 3000 versatione
344 2938 377 2998 et
397 2931 474 2998 iussi
505 2933 659 3014 deputato
683 2953 741 3000 suo
771 2934 1042 3000 exhortationibus
1052 2937 1308 3003 condescendens
1317 2939 1372 3003 ha·

136 3037 280 3103 iratello.
324 3037 395 3103 Aila
433 3037 518 3117 quali
555 3039 741 3104 esortationi
771 3039 1368 3124 1111111111111111011,1111110111

12 3181 13 3214 o
137 3141 425 3208 condescendendo
437 3141 479 3208 ho
492 3141 573 3208 10110
586 3141 678 3224 quell'
689 3143 743 3210 ba-.
774 3143 932 3225 suscipere
957 3163 1188 3222 recusaueram,
1221 3147 1372 3226 exigenti·

12 3265 14 3346 {
136 3247 226 3328 bito,
260 3245 283 3309 il
307 3243 399 3326 quale
421 3245 524 3327 prima
545 3245 664 3312 havevo
694 3267 744 3314 re
775 3247 833 3314 bns
871 3247 929 3312 hoa
968 3251 1105 3329 peccatis
1143 3251 1237 3328 meis;
1276 3257 1375 3333 atque

136 3357 253 3417 unsato
284 3350 316 3416 di
346 3349 495 3432 pigiiare,
524 3351 740 3416 riaereandolo
770 3370 924 3416 summum
956 3351 1051 3418 habui
1082 3355 1231 3434 gaudium
1256 3373 1306 3421 me
1328 3357 1373 3420 iu-

12 3433 14 3450 ’
135 3457 168 3521 11
192 3456 257 3520 mie
279 3454 386 3536 unlpe;
410 3460 444 3520 11
466 3453 741 3520 hohavutosorn-
772 3457 923 3537 scripturn
952 3475 1023 3522 esse
1052 3476 1182 3523 numero
1211 3477 1372 3526 seruorum

135 3565 302 3629 momente
317 3580 337 3624 a
352 3577 425 3625 earo
449 3558 576 3626 d'esser
597 3559 743 3625 inseritto
773 3564 806 3625 et
839 3560 971 3625 fratrum
1006 3563 1105 3628 saneti
1136 3562 1306 3644 Stephani3
1340 3569 1373 3630 et

136 3666 190 3732 nei
225 3681 355 3730 numero
388 3664 438 3730 dei
468 3664 551 3729 servi
579 3683 597 3728 e
626 3661 744 3729 11111111
773 3665 902 3746 rogaui,
935 3672 970 3729 ut
992 3665 1035 3731 ibi
1064 3666 1236 3748 sepeliatur
1259 3687 1372 3750 eorpus

137 3769 169 3836 di
193 3789 253 3836 san
277 3767 425 3846 Steisn03
450 3775 482 3833 11
497 3768 539 3832 ivi
554 3766 594 3832 ho
608 3775 741 3848 pregatn
773 3787 884 3833 menan.
920 3769 1019 3834 Porro
1048 3771 1184 3836 eoneedo
1213 3771 1285 3837 huie
1307 3769 1371 3838 filio

136 3875 195 3942 abe
220 3873 258 3939 sii
278 3872 401 3955 sepolto
417 3872 439 3936 il
455 3870 518 3937 mio
534 3890 638 3954 mrpo.
662 3871 738 3937 Con·
774 3879 882 3939 nostro
898 3879 931 3938 et
945 3874 1052 3939 abbati
1077 3875 1241 3941 eeclesiam
1264 3886 1372 3945 sancte

136 3979 220 4046 sedo
251 3976 365 4044 inoltre
387 3997 407 4041 a
428 3983 540 4057 questo
569 3981 679 4042 nostro
701 3972 736 4040 fi·
769 3975 870 4042 Maris
893 3977 934 4043 de
955 3978 1095 4058 Paluda,
1127 3998 1188 4060 qne
1217 3981 1292 4046 dats
1313 3981 1372 4048 1111

12 4119 14 4170 5
122 4082 237 4166 ,gliolo
249 4089 282 4149 et
297 4081 414 4146 abbate
430 4081 461 4145 la
475 4079 581 4146 chiesa
600 4080 632 4145 di
648 4087 740 4146 santa
770 4081 845 4146 rnihi
875 4100 895 4146 a
925 4087 1016 4163 patre
1049 4101 1135 4164 meo,
1171 4103 1209 4150 eo
1241 4085 1367 4165 quidem
1413 4071 1417 4080 ⁸

12 4219 13 4226 1
137 4185 243 4253 Maria
266 4186 306 4251 de
322 4184 451 4262 Paluda,
476 4185 533 4249 ohe
557 4185 598 4248 mi
614 4183 649 4248 fn
664 4185 739 4250 data
770 4185 863 4251 onorio
895 4202 956 4265 quo
987 4187 1027 4251 ab
1057 4187 1127 4268 ipso
1156 4188 1274 4254 tradita
1296 4189 1372 4255 mihi

12 4333 13 4336 =
137 4293 179 4358 da
202 4290 265 4356 mio
288 4289 404 4371 padre,
435 4295 467 4356 et
490 4290 521 4352 in
545 4288 618 4369 quel
647 4289 739 4355 modo
770 4288 840 4364 suit,
865 4308 926 4354 non
949 4291 980 4354 in
996 4291 1298 4374 consanguineorum
1313 4293 1367 4360 he·

12 4439 14 4462 .
138 4397 197 4462 che
225 4396 267 4462 du
296 4413 368 4462 esso
398 4396 440 4457 rni
474 4392 507 4457 fn
539 4401 739 4477 conseparata,
771 4394 940 4460 ruditatem
977 4395 1034 4460 sed
1069 4396 1101 4460 in
1139 4399 1371 4478 possessionem

139 4521 203 4568 non
225 4501 259 4565 in
280 4498 427 4565 heredita
446 4497 494 4562 de'
506 4498 629 4578 parenti
645 4517 697 4563 nra
712 4497 743 4562 in
774 4516 938 4563 seruorum
962 4499 1013 4564 dei
1035 4506 1068 4564 11
1091 4503 1298 4582 prenominati
1321 4521 1371 4570 11-

140 4604 341 4688 possessione
373 4603 424 4669 dei
453 4603 535 4668 servi
567 4603 596 4666 di
627 4601 687 4668 Dio
711 4608 744 4667 et
774 4602 858 4668 nobii
882 4603 982 4668 sanati
1005 4601 1167 4686 Stephani.
1198 4606 1266 4672 Heo
1287 4607 1372 4674 faeta

142 4709 196 4778 (111
217 4709 437 4793 prenominato
467 4707 598 4772 cenobio
630 4707 662 4771 di
686 4727 743 4773 san
777 4715 850 4773 sunt
871 4707 902 4772 in
924 4709 1083 4790 presentia
1102 4709 1371 4794 infrascriptarum
