3548 5282
336 394 401 462 480

334 603 578 680 nestrorumque
600 616 766 682 procerum
789 603 901 667 noscat
923 599 1109 682 prudentia:
1133 618 1191 668 nos
1214 605 1423 684 nostrumque
1444 621 1578 688 regnum
1704 593 1710 606 '

330 709 439 771 nestro
462 709 706 786 nestrorumque
728 723 836 770 amore
858 703 1069 772 indissolubili
1092 705 1220 773 uinculo
1249 707 1367 774 necti⁴⁶
1383 708 1576 774 desiderare.

331 807 425 874 Unde
449 809 524 889 qnia
547 815 677 889 cuncta,
708 827 770 891 que
794 809 901 876 dicere
924 810 1085 896 cupimus,
1110 810 1250 879 scribere
1272 811 1312 880 ob
1336 811 1505 896 legentis⁴⁷
1528 811 1576 878 la-

328 910 459 976 stidium
481 911 664 992 nequimus:
689 912 806 979 idcirco
829 912 926 980 talem
943 913 1108 980 studemus
1127 914 1280 982 mandare
1298 917 1456 1002 nuncium,
1475 916 1575 984 uerbo

329 1014 418 1082 cuius
451 1034 515 1084 uon
546 1017 732 1084 detractetis
767 1017 918 1084 adhibere
948 1018 1092 1085 auditum
1124 1023 1220 1100 atque
1258 1019 1415 1100 studinm;
1450 1021 1508 1087 sed
1538 1026 1576 1087 nt

329 1119 448 1186 nostris
469 1121 634 1203 perpetuis
652 1138 714 1187 nou
730 1120 882 1188 dubitetis
904 1123 1127 1204 obtemperare
1149 1123 1291 1209 uocibus,
1315 1128 1458 1191 attamen
1471 1141 1574 1207 pauca

329 1224 427 1289 etiam
449 1223 567 1290 litteris
590 1225 751 1292 insinnare
774 1224 965 1293 laboramus.
990 1225 1146 1294 Volumus
1169 1229 1316 1309 equidem
1333 1227 1373 1294 ob
1390 1228 1573 1296 stabilitatis

330 1325 564 1394 firmamentum
598 1328 682 1396 inter
712 1347 770 1397 nos
802 1335 898 1412 atque
929 1349 1005 1410 uos,
1040 1336 1167 1398 nostros
1199 1339 1392 1413 nostrosque
1425 1331 1572 1414 maiores,

330 1449 442 1498 uerum
465 1429 534 1498 lieri
558 1438 811 1513 sacramentnm,
844 1433 942 1515 quo⁴⁸
964 1453 1130 1502 commune
1160 1433 1279 1503 habere
1301 1454 1339 1502 ao
1359 1434 1475 1522 tacere,
1500 1455 1572 1504 cnm

331 1536 544 1603 necessarium
574 1535 688 1624 fuerit,
711 1537 853 1606 uicissim
882 1539 1047 1606 ualeamus
1077 1543 1298 1623 angmentum
1332 1539 1455 1608 firmins
1488 1542 1572 1609 enim

330 1644 455 1706 constat
477 1640 643 1723 magisque
663 1647 863 1728 perpetuum,
887 1642 972 1725 quod
996 1642 1136 1725 undique
1158 1643 1268 1709 unitur
1289 1642 1469 1712 firmissimo
1490 1645 1572 1728 liga-

249 1823 251 1828 ,
327 1750 446 1825 mento,
466 1761 561 1827 quam
584 1745 670 1826 qnod
694 1745 840 1812 debiliori
863 1747 1053 1814 snbuictitnr
1082 1745 1308 1828 inundameuto;
1341 1754 1376 1815 et
1398 1767 1460 1830 que
1482 1754 1572 1818 recte

327 1848 525 1934 mandemus,
550 1848 590 1915 ad
613 1849 789 1932 perfectam
812 1851 1055 1931 exequutionem
1077 1853 1234 1919 communi
1253 1857 1330 1919 uoto
1347 1853 1470 1922 sincere
1486 1854 1571 1921 omui

328 1951 404 2017 nixu
432 1953 528 2020 animi
557 1953 781 2022 aminiculante
813 1956 957 2036 potentia
987 1955 1094 2022 dicere
1122 1955 1286 2022 ualeamus
1315 1961 1348 2023 et
1377 1957 1568 2026 laboremus.

327 2055 480 2124 Preterea
512 2055 744 2125 indefectibiles
780 2063 888 2141 grates
928 2057 1096 2143 (agimus),
1135 2064 1263 2127 nostros
1287 2059 1405 2141 qnod⁴⁰
1437 2063 1569 2129 nuncios

327 2177 453 2242 semper
476 2178 538 2228 non
556 2160 698 2244 (parum)
721 2160 892 2228 honorifice
914 2163 1128 2242 tractauistis;
1152 2167 1313 2244 tamqnam
1336 2162 1450 2246 (qnod)
1474 2183 1566 2249 saga·

326 2263 406 2330 citer
436 2282 528 2331 omne
560 2265 725 2331 eonsilium
749 2265 944 2333 exhibuistis.
979 2267 1072 2345 Quod
1101 2266 1184 2333 idem
1207 2284 1285 2332 nero
1308 2266 1568 2336 honorificentius

326 2373 423 2450 atque
457 2368 611 2452 sagacius
633 2367 708 2434 huic
736 2374 846 2436 nostro
877 2368 1001 2454 legato,
1032 2370 1080 2437 uti
1108 2371 1266 2438 nobismet
1295 2372 1382 2454 ipsis,
1416 2371 1567 2440 exhibere

324 2472 480 2554 petimne3
515 2474 634 2555 quippe
666 2491 745 2540 nera
775 2473 901 2539 dilectio
931 2491 995 2540 non
1025 2491 1106 2541 uoce
1136 2473 1239 2541 solnm
1269 2475 1327 2542 sed
1349 2476 1446 2543 etiam
1470 2493 1568 2559 opere

324 2574 521 2659 ostenditnr3
545 2576 665 2643 amicus
687 2594 825 2657 namque
847 2577 879 2642 in
902 2578 1096 2645 necessitate
1119 2578 1284 2660 probatur.

367 2695 596 2764 Oouuenieutia
618 2697 764 2784 amicitie,
789 2717 851 2780 qne
873 2697 959 2765 iacta
987 2703 1037 2766 est
1065 2699 1280 2782 interregem
1302 2698 1508 2784 Ungarorum
1529 2719 1568 2768 ac

324 2800 437 2868 docem
458 2799 664 2869 Venetorum.
695 2801 765 2884 Ego
788 2801 997 2885 Columnam,
1028 2801 1231 2886 Ungarornm
1263 2823 1335 2884 rex,
1367 2823 1426 2888 per
1448 2811 1568 2874 memet
1666 2818 1671 2825 ·

322 2905 487 2987 insumet
517 2923 575 2988 per
604 2924 693 2974 meos
724 2923 834 2973 omues
863 2911 978 2988 tecum,
1002 2906 1118 2973 Vitalis
1148 2906 1294 2989 Michael‚
1318 2908 1464 2991 Venetis,
1487 2909 1565 2976 Dal-

323 3009 439 3091 matis,
463 3008 615 3077 Obroatie
645 3010 751 3090 dunt
783 3015 816 3077 et
845 3011 966 3077 cunctis
989 3011 1228 3094 optimatibus⁵¹
1253 3013 1293 3078 de
1315 3018 1423 3080 uestro
1446 3014 1565 3082 ducatu

322 3132 433 3181 ueram
455 3119 490 3181 et
510 3113 633 3181 firmam
657 3115 826 3181 amicitiam
848 3121 945 3198 atque
969 3117 1169 3183 concordiam
1192 3117 1316 3184 abhoc
1339 3117 1391 3184 die
1408 3119 1442 3183 iu
1468 3127 1563 3186 antea

322 3217 489 3299 obtinebo;
513 3223 546 3285 et
568 3224 602 3285 te
625 3236 662 3286 sc
684 3224 758 3286 tuos
781 3226 815 3286 et
837 3226 966 3288 cunctas
989 3221 1144 3304 ciuitates,
1168 3221 1327 3288 subiectas
1344 3223 1475 3289 ducatui
1497 3227 1563 3305 tuo,

319 3325 353 3386 et
378 3321 484 3389 omnia
505 3321 638 3389 castella
660 3328 695 3390 et
716 3323 787 3389 loca
822 3325 948 3391 subdita
971 3330 1005 3391 et
1027 3325 1210 3392 obedientia
1239 3327 1394 3407 potestati
1415 3332 1481 3411 tue,
1505 3345 1564 3410 per

320 3443 372 3493 me
392 3430 427 3493 et
448 3442 507 3507 per
528 3443 617 3493 meos
632 3427 839 3512 conseruabo‚
862 3433 896 3494 et
916 3429 1004 3495 nnllo
1021 3429 1115 3495 modo
1131 3429 1322 3511 inquietabo.
1346 3430 1389 3496 Et
1404 3431 1431 3496 si
1446 3430 1562 3513 aliquis

319 3547 358 3596 ex
381 3530 459 3596 meis
483 3529 619 3612 aliquem
643 3536 787 3597 uestrum
801 3530 879 3598 foris
902 3530 1015 3599 lecerit
1030 3539 1085 3598 ant
1101 3529 1280 3614 offenderit,
1306 3551 1343 3600 ac
1358 3533 1385 3599 si
1401 3535 1561 3617 cognitum

318 3631 424 3713 inerit,
448 3631 531 3699 infra
553 3634 621 3701 dies
645 3635 776 3717 triginta
798 3635 985 3702 emendabo.
1020 3635 1090 3702 Hec
1120 3637 1226 3702 omnia
1247 3655 1305 3718 per
1327 3644 1562 3706 sacramentnm

320 3740 396 3802 sunt
418 3735 603 3804 confirmata
625 3756 664 3805 ac
685 3739 891 3806 confederata
913 3740 1019 3821 equali
1034 3740 1214 3807 conditione
1237 3740 1278 3807 ab
1300 3746 1436 3823 utraque
1456 3748 1560 3827 purte.

319 3838 384 3907 Sed
407 3847 523 3922 tamem
548 3841 621 3924 quia
643 3842 676 3908 in
698 3842 891 3927 principibus
913 3845 993 3910 meis
1017 3851 1051 3910 et
1073 3843 1283 3912 senioribns⁵²
1317 3845 1449 3912 dubium
1471 3847 1560 3914 nide-

316 3949 380 4025 tur,
404 3949 511 4011 ntrnm
533 3950 567 4013 te
589 3945 701 4014 ducem
726 3946 876 4015 Ohroatie
899 3954 996 4031 atque
1018 3948 1177 4016 Dalmatis
1199 3949 1444 4016 uomiuauerim:
1474 3951 1559 4032 nolo,

315 4051 411 4118 immo
433 4051 584 4119 desidero
606 4069 665 4134 pro
688 4053 860 4131 seruanda,
884 4053 968 4119 sicut
991 4059 1146 4119 statutum
1169 4060 1228 4134 est,
1253 4054 1401 4135 amicitia,
1425 4061 1463 4121 nt
1484 4073 1504 4122 a
1527 4062 1561 4122 te

317 4159 351 4222 et
373 4156 446 4241 tuis,
471 4159 504 4223 et
526 4175 546 4222 a
567 4175 619 4222 me
642 4173 680 4223 ao
701 4157 781 4222 meis
806 4159 853 4223 ita
881 4175 974 4224 omne
998 4158 1086 4241 prius
1109 4157 1278 4226 demedio
1302 4156 1467 4226 anferatur
1490 4178 1556 4225 am-

315 4259 457 4344 bignnm,
480 4266 517 4326 ut
538 4261 571 4327 iu
593 4278 793 4343 quocumque
815 4280 891 4328 casn
911 4262 971 4330 tibi
993 4280 1053 4344 per
1076 4267 1295 4330 antecessores
1319 4267 1402 4344 tuos,
1426 4263 1557 4332 etmihi

314 4381 508 4445 permane,
540 4369 629 4432 certa
658 4365 917 4449 comprobatione
947 4366 1072 4434 iustitia
1104 4365 1210 4442 luerit,
1233 4367 1432 4436 alteralteri
1455 4368 1558 4436 nnlla-

313 4472 409 4535 teuus
431 4468 631 4537 aduersatur.

403 4573 508 4636 Codex
524 4576 709 4638 Troniseuns
724 4578 754 4636 in
768 4577 901 4639 biblioth.
919 4576 1099 4655 Gicoguiaua
1110 4578 1242 4640 Venetiie
1256 4596 1301 4640 nr.
1319 4579 1412 4658 2558,
1432 4596 1462 4656 p.
1485 4581 1557 4641 113.

355 4661 579 4740 Fragmentum
606 4663 699 4725 edidit
713 4663 841 4726 Lebret:
868 4663 1046 4727 Geschichte
1060 4665 1114 4726 der
1127 4663 1278 4742 Republik
1292 4665 1427 4744 Venedig
1440 4666 1466 4742 Ι,
1483 4667 1557 4730 286.
