3602 5304
303 481 306 488 ¹
351 407 413 470 220

350 599 443 676 οὐδενὶ
476 599 668 698 διαφυγόντες
699 607 865 680 ἐσώθησαν.
902 607 965 671 ἐπεὶ
993 605 1159 675 barbarico
1182 607 1341 689 exercitu,
1372 605 1516 692 quamvis
1538 624 1595 673 nu·

353 704 387 778 δὲ
417 717 444 778 at
473 715 637 802 στρατηγοὶ
659 712 768 786 πάντες
790 711 869 776 οὕτω
898 711 964 798 παρ’
993 709 1596 795 1101010110111011010,1011111111-

356 817 504 904 1κατέρων
526 827 587 881 τῶν
606 818 785 906 βαρβαρικῶν
800 814 964 904 ττρατοπέ-
995 835 1047 883 ces
1064 816 1233 884 amnestia
1252 813 1314 884 fusi
1330 813 1493 900 fugatique
1512 820 1595 896 0111,

352 912 429 996 δων,
462 923 566 1010 καίπερ
597 921 763 986 ἐλασσόνων
785 920 865 1009 παρὰ
887 921 964 984 πολὺ
994 939 1063 986 curn
1087 919 1217 988 Asbade
1239 939 1313 1004 pars
1335 919 1475 988 bostium
1497 919 1598 987 attera

351 1025 457 1111 ὅντων,
475 1027 661 1110 ἀπήλλαξαν,
684 1015 816 1108 Ἀεβάδῃ
839 1029 857 1096 a
877 1023 964 1111 ἑτέρα
995 1043 1121 1092 manum
1157 1025 1324 1092 conseruit.
1358 1023 1439 1092 Erat
1468 1024 1520 1091 hic
1550 1024 1598 1091 vir

352 1140 412 1194 τῶν
447 1129 596 1217 πολεμίων
633 1130 772 1217 incaepta
809 1129 958 1215 ξυνέμιξεν.
991 1129 1161 1197 iustiniani
1178 1128 1467 1214 augustinumin,
1490 1127 1596 1194 candi-

352 1227 388 1305 1ν
403 1224 437 1300 δὲ
452 1227 537 1308 οὗτος
552 1234 623 1320 ἀνὴρ
638 1233 781 1316 βασιλέως
804 1233 856 1321 μὲν
876 1231 962 1298 Ἰονα-
992 1235 1075 1300 datis
1104 1251 1184 1314 quos
1208 1232 1371 1316 appellant
1398 1233 1595 1316 adscriptus;

351 1348 479 1403 τινιανοῦ
495 1329 655 1426 δορυφόρος,
676 1339 739 1402 ἐπεὶ
754 1339 782 1412 ἐς
797 1337 866 1411 τοὺς
881 1335 961 1402 Kar·
992 1345 1025 1402 01
1055 1338 1214 1420 equitibus
1249 1342 1399 1419 praeerat
1433 1337 1599 1404 ueteribus

289 1473 295 1492 ι
352 1434 489 1516 διδάτους
517 1442 713 1531 καλουμένους
742 1447 839 1506 τελῶν
861 1447 961 1529 ἔτυχε,
993 1443 1187 1508 stationariis
1211 1441 1350 1524 Tantali,
1375 1440 1529 1508 Thraciae
1545 1459 1597 1506 ca·

351 1538 469 1612 τῶνδὲ
498 1550 624 1610 ἱππικῶν
655 1546 835 1634 καταλόγων
865 1539 963 1634 ἦρχεν,
994 1547 1104 1625 010111,ι
1132 1565 1263 1612 nurnero
1286 1545 1454 1628 animoque
1477 1545 1597 1628 pollen-

281 1633 283 1638 ’
350 1652 422 1716 01ον
442 1649 632 1738 Τζουρονλιρ1
649 1659 694 1732 τῷ
710 1652 739 1714 ὲν
754 1649 859 1738 Θρᾴκῃ
878 1672 964 1738 ρροιι-
996 1651 1088 1717 ribus.
1124 1649 1184 1715 His
1215 1666 1318 1730 quoqe
1349 1648 1493 1715 Sclaveni
1524 1649 1598 1716 disi·

350 1757 400 1843 ρίῳ
423 1756 457 1819 ἐκ
480 1759 610 1818 παλαιοῦ
631 1745 775 1842 ἵδρυνται,
801 1756 907 1818 πολλοί
929 1776 965 1816 τε
996 1756 1073 1821 001ἰο
1089 1754 1335 1836 quamplurimos
1351 1754 1534 1836 turpissime
1549 1753 1597 1819 iu·

351 1862 402 1924 καὶ
440 1857 550 1946 ἄριστοι
583 1857 674 1932 ὄντες.
712 1863 763 1923 καὶ
797 1861 904 1932 ἀνταὺς
931 1862 963 1921 at
993 1861 1115 1941 gientcs
1137 1857 1383 1936 interiecerunt,
1409 1863 1600 1940 captumque

353 1961 520 2046 Σκλαβηνοὶ
551 1958 722 2050 τρεψάμενοι
755 1954 848 2027 οὐδενὶ
880 1962 961 2044 πόνῳ
992 1963 1152 2030 ,1011101011
1175 1969 1241 2028 tuin
1265 1961 1392 2042 quidem
1408 1961 1512 2026 vivum
1530 1980 1598 2028 001-

353 2067 511 2140 πλείστους
534 2064 586 2154 ρὲν
602 2068 788 2154 αἰσχρότατα
805 2066 965 2156 φεύγοντας
994 2072 1109 2134 varunt
1139 2066 1196 2132 scd
1228 2073 1339 2149 postca
1369 2067 1543 2132 coniectum
1565 2065 1598 2131 in

353 2177 495 2246 ἔκτειναν,
514 2160 660 2253 'acati-av
683 2163 716 2234 δὲ
738 2171 962 2254 καταλαβόντες
991 2169 1133 2238 flammas
1168 2171 1426 2250 combusserunt,
1460 2171 1599 2238 desectis

353 2276 383 2340 ἑν
417 2274 469 2363 μὲν
502 2284 548 2357 τῷ
583 2277 750 2361 παραυτίκα
783 2275 961 2364 ἐζώγρησαν,
995 2276 1082 2357 prius
1113 2275 1189 2341 loris
1221 2294 1239 2340 0
1269 2275 1354 2341 dorsi
1386 2275 1471 2340 illius
1505 2274 1607 2358 pelle..

356 2379 475 2467 ὕστερον
500 2369 533 2442 δὲ
552 2379 644 2442 αὐτόν
666 2380 694 2452 ἐς
717 2379 803 2467 πυρὸς
819 2379 965 2468 ὲρβεβλα-
995 2379 1053 2445 His
1090 2379 1228 2461 peractis
1267 2376 1435 2444 Thraciam
1473 2396 1598 2445 omnem

357 2483 441 2572 μένον
464 2483 562 2572 φλόγα
585 2488 722 2558 ἔκαυσαν,
746 2482 870 2571 ἱμάντας
891 2482 961 2569 πρό-
992 2491 1088 2566 atque
1111 2483 1271 2566 illyricum
1290 2484 1417 2566 impune
1433 2489 1599 2566 vastarunt

354 2609 436 2676 τερον
466 2587 500 2650 ἐκ
529 2595 585 2650 τοῦ
610 2587 705 2652 νώτου
728 2597 783 2652 τοῦ
804 2587 962 2676 ἀνθρώπου
993 2606 1030 2654 ac
1052 2587 1152 2654 multa
1174 2587 1301 2670 utrique
1324 2587 1463 2654 castella
1479 2587 1598 2654 absidi·

355 2681 541 2777 ἐκδείραντες.
581 2699 683 2754 ταῦτα
716 2683 964 2779 διαπεπραγμένοι
994 2711 1054 2759 one
1076 2697 1239 2774 ceperunt,
1263 2694 1316 2774 qui
1338 2699 1434 2760 antea
1450 2711 1508 2760 1100
1530 2711 1599 2758 mu·

250 2849 257 2862 .
355 2793 397 2858 τοὶ
419 2795 512 2882 γωρόα
523 2793 690 2882 ξύμπαντα,
714 2793 756 2858 τά
777 2817 814 2859 τε
835 2793 962 2882 Θρᾳκῶν
991 2815 1044 2862 ros
1067 2813 1250 2880 oppugnare
1272 2814 1376 2880 neque
1399 2797 1431 2862 in
1454 2815 1597 2878 campum

354 2899 404 2962 καὶ
428 2895 585 2986 Ἱλλυριῶν,
619 2889 713 2972 ἀδεῶς
743 2897 860 2986 ὕστερον
882 2899 962 2970 tuat·
992 2899 1187 2966 descendere
1219 2901 1389 2966 audebant.
1424 2899 1598 2966 Enimuero

355 3003 453 3087 ζοντα,
476 3005 527 3066 καὶ
540 3001 663 3090 ρρούρια
685 3003 785 3067 πολλοὶ
810 3003 961 3091 πολιορκίαι
991 3024 1031 3070 ne
1061 3009 1264 3070 tentaverant
1298 3004 1426 3086 quidem
1460 3022 1600 3085 unquam

358 3105 489 3193 ἑκάτεροι
512 3101 604 3178 εἷλον,
638 3110 672 3170 οὐ
694 3107 969 3196 τειγοριαγιόεαντες
998 3108 1030 3174 hi
1052 3107 1182 3174 barbari
1204 3107 1412 3175 incursionem
1441 3108 1546 3176 iacere
1568 3109 1601 3174 in

355 3210 512 3298 πρέκτερον,
547 3203 615 3275 οὐδὲ
637 3213 665 3284 ἐς
687 3213 724 3276 τὸ
747 3201 845 3275 πεδίον
867 3235 964 3274 κατα·
997 3229 1162 3278 1011101111
1192 3213 1375 3294 imparium
1406 3213 1601 3279 1111101010

356 3316 441 3397 βῆναι
470 3315 691 3403 τολμήσαντες,
725 3317 789 3379 ἐπεὶ
802 3305 887 3379 ὀδδὲ
909 3325 966 3403 γῆν
996 3321 1071 3383 ante
1100 3315 1179 3382 illud
1212 3322 1354 3398 1001010,
1390 3316 1475 3399 quoa
1504 3335 1602 3400 supra

357 3420 413 3490 cciv
443 3416 596 3507 Ῥωμαίων
625 3421 770 3484 καταθεῖν
799 3419 965 3506 ἐγκεχειρή-
996 3419 1075 3499 dixi,
1108 3437 1267 3501 nunquam
1298 3439 1368 3486 01111
1392 3421 1532 3487 exercitu
1555 3420 1601 3486 vi·

357 3545 425 3586 καοι
455 3523 580 3586 πώποτε
602 3526 629 3586 ot
648 3521 787 3611 βάρβαροι
809 3517 899 3586 οὗτοι,
931 3526 965 3586 οὐ
996 3523 1111 3590 dentur
1133 3521 1262 3590 fluvium
1285 3523 1402 3590 Istrum
1428 3524 1600 3591 traiecisse.

357 3627 415 3714 μὴν
446 3617 514 3691 οὐδὲ
543 3635 663 3714 στρατῷ
693 3626 829 3715 ποταμόν
858 3625 968 3713 Ἴστρον
1042 3627 1103 3704 Qui
1117 3627 1275 3695 Asbadem
1288 3628 1439 3706 vicerant,
1456 3629 1498 3695 ad
1513 3647 1601 3695 mare

357 3731 507 3818 φαίνονται
519 3721 727 3814 διαβεβηκότες
738 3731 772 3794 ὲκ
783 3739 838 3794 τοῦ
853 3730 964 3804 παντὸς
995 3751 1096 3814 usqua
1109 3732 1309 3799 continenter
1324 3731 1429 3798 omnia
1444 3732 1599 3815 populati,

355 3833 476 3921 χρόνον,
512 3835 589 3904 πλήν
618 3857 653 3922 γε
684 3825 721 3904 δὴ
753 3835 786 3918 ἐξ
804 3833 893 3898 οόπου
915 3855 964 3923 ραι
994 3837 1105 3904 urbem
1129 3837 1327 3919 maritimam,
1351 3839 1496 3920 quamvis
1518 3837 1599 3902 mili-

355 3939 521 4026 ἐριπροαθεν
541 3940 660 4024 ε’ρηται.
991 3941 1052 4007 tari
1074 3939 1233 4022 praesidio
1248 3940 1414 4024 munitam,
1438 3959 1599 4026 expugna·

399 4034 497 4106 Οὗτοι
516 4031 550 4105 δὲ
572 4044 598 4105 οἱ
619 4042 672 4106 τὸν
690 4033 837 4126 'Anatim
851 4067 961 4115 νενικη-
992 4051 1075 4126 ruat,
1108 4043 1272 4129 Tcperus²
1296 4043 1428 4129 dicitur,
1458 4045 1598 4112 urbium-

357 4145 443 4220 κόπες
465 4145 548 4235 ρόγρι
570 4146 599 4220 ἐς
620 4144 780 4210 θάλασσαν
799 4146 967 4236 λογισάμενοι
996 4166 1059 4232 que
1080 4149 1308 4215 maritimarum
1324 4148 1481 4218 Thraciae
1500 4151 1604 4233 prima

356 4251 456 4338 ἐφεξῆς
477 4251 600 4314 ἄπαντα
622 4253 672 4314 καὶ
694 4251 778 4316 πόλιν
798 4243 966 4316 &rauciac-
995 4260 1109 4320 00100
1130 4253 1285 4336 Byzantio
1308 4253 1431 4322 dierum
1446 4254 1509 4321 iter
1524 4253 1602 4320 duo·

355 4355 419 4417 αίαν
450 4355 724 4444 ταχοριαγιόααντες
746 4351 832 4430 εἷλον,
859 4357 962 4443 καίπερ
993 4357 1094 4426 danim
1117 4358 1291 4429 distat...

356 4468 547 4546 στρατιωτῶν
562 4459 683 4548 φρουρὰν
704 4464 842 4548 ιγονααν,
862 4457 961 4526 Τόπε-
1035 4462 1101 4528 Iam
1133 4467 1268 4547 uterque
1298 4479 1407 4530 aarum
1431 4463 1600 4542 01001100,

358 4587 404 4652 ρον
438 4563 540 4650 ὄνομα·
569 4568 588 4633 ἢ
616 4563 719 4650 πρώτη
753 4563 805 4650 μὲν
834 4563 961 4652 Θρακῶν
990 4565 1081 4651 quasi
1110 4567 1207 4634 nimio
1238 4568 1393 4650 sanguine
1423 4567 1531 4636 ebrius
1565 4585 1603 4634 aa

358 4677 420 4732 τῶν
442 4668 591 4755 παραλίων
614 4667 693 4741 aa,
716 4676 771 4730 τοῦ
794 4658 826 4732 δὲ
849 4667 961 4754 Βυζαν-
991 4676 1218 4750 saturasset,
1255 4690 1335 4754 quoa
1369 4669 1401 4736 iu
1435 4678 1598 4754 paniarum
