3602 5304
919 675 1043 748 151.

364 820 387 881 h.
402 819 450 888 ibt,
465 835 534 878 ncnc
550 817 619 879 lunio.
636 817 728 878 tenaliis
742 818 765 878 in
786 817 887 879 hircalto.

364 951 529 1021 Decretum
550 953 733 1020 Venetorum
744 956 782 1020 de
793 955 973 1042 adrogando
984 941 1209 1040 marsupiorum
1218 958 1404 1038 commercio,
1412 956 1604 1041 praeprimis

765 1083 801 1126 ca
824 1060 952 1127 Histrio
967 1069 994 1126 ct
1016 1059 1189 1124 Dalmatio.

407 1183 444 1249 In
466 1183 592 1250 nomine
615 1182 734 1250 domini
756 1183 808 1250 dei
824 1190 857 1250 et
873 1183 1039 1250 saluatoris
1055 1183 1156 1250 nostri
1171 1181 1250 1249 Jesu
1275 1181 1400 1249 Christi.
1423 1181 1604 1264 imperante

366 1289 491 1355 domino
514 1289 657 1354 Romano
680 1289 906 1372 gloriosissimo
937 1289 1136 1372 imperatore,
1163 1306 1246 1354 anno
1271 1293 1378 1353 autem
1395 1288 1519 1369 imperii
1534 1289 1602 1354 eius

370 1418 453 1470 nnn,
476 1413 582 1460 mense
606 1393 701 1472 iunii,
730 1394 901 1460 indictione
923 1419 970 1460 m.
995 1393 1134 1461 Riuoalti
1154 1393 1188 1458 in
1211 1397 1298 1458 corte
1321 1391 1442 1473 palatii.
1472 1391 1510 1456 In
1532 1411 1603 1476 pre-

365 1497 550 1566 cedentibus
580 1499 775 1580 temporibus
804 1500 838 1564 in
868 1499 928 1564 hac
957 1504 1067 1565 nostra
1098 1497 1261 1581 prouincia
1282 1515 1353 1562 cum
1376 1497 1603 1580 mancipiorum

365 1604 532 1685 captiuites
555 1602 646 1670 fieret
669 1622 688 1668 c
709 1603 835 1689 nostris,
852 1605 892 1671 ob
909 1603 970 1672 hoc
985 1609 1149 1687 peccatum
1164 1603 1263 1668 multe
1277 1601 1497 1670 tribulationes
1512 1604 1604 1670 nobis

365 1725 502 1788 uenere;
526 1713 559 1773 et
581 1707 725 1774 dominus
755 1706 858 1774 Ursus
888 1708 996 1774 Bonus
1029 1707 1091 1774 dux
1113 1727 1177 1774 una
1199 1726 1267 1773 cum
1296 1707 1420 1774 Joanne
1450 1705 1516 1773 tilio
1546 1726 1604 1775 suo

364 1813 447 1880 hanc
468 1812 620 1878 malitiam
643 1811 819 1892 diluerunt,
843 1817 876 1880 et
898 1817 1078 1879 statuerunt
1099 1812 1144 1878 ita
1165 1818 1203 1879 ut
1217 1812 1322 1878 nullus
1344 1831 1382 1879 ex
1404 1812 1495 1880 nohis
1517 1832 1605 1879 mau-

366 1918 448 2000 cipie
470 1917 633 1984 uenderet.
669 1917 733 1983 Sed
755 1917 795 1984 de
817 1917 975 2001 grauitate
997 1918 1127 2002 maligni
1150 1924 1183 1984 et
1204 1916 1304 1983 inuidi
1325 1918 1426 1985 hostis
1448 1918 1510 1985 ista
1533 1937 1604 1984 con·

365 2023 488 2090 stitutio
505 2025 654 2104 corrupta
678 2021 801 2089 exstitit
816 2029 849 2088 et
864 2027 1075 2106 transgressa.
1100 2023 1188 2089 Tunc
1203 2023 1339 2104 quadam
1362 2023 1422 2104 die,
1445 2023 1606 2090 residente

365 2128 456 2193 nobis
479 2127 605 2209 quidem
635 2128 731 2193 Petro
755 2127 813 2194 deo
839 2127 1009 2194 auxiliante
1034 2128 1132 2208 duce,
1156 2147 1226 2194 cum
1258 2128 1383 2194 domim
1406 2127 1502 2194 Petro
1526 2127 1606 2196 duce

367 2231 529 2298 Gaudiano
552 2250 615 2296 una
638 2250 708 2298 cum
731 2233 857 2300 domino
879 2233 969 2299 Bono
995 2234 1187 2318 egregioque
1203 2231 1382 2317 patriarcha
1405 2239 1438 2300 et
1460 2251 1530 2298 cum
1552 2252 1606 2298 ue·

367 2336 559 2404 notabilibus
582 2337 737 2420 episcopis
761 2344 794 2403 et
816 2339 1002 2420 primatibus
1035 2339 1151 2404 nostris
1174 2340 1205 2403 in
1228 2337 1352 2421 publico
1376 2338 1493 2420 palatio
1525 2337 1606 2403 diiii-

367 2444 469 2508 nimus
492 2450 587 2525 atque
611 2442 778 2508 statuimus
798 2443 879 2509 hanc
898 2445 1050 2526 optimam
1066 2445 1329 2522 constitutionem,
1346 2461 1407 2525 que
1423 2462 1442 2508 a
1457 2443 1607 2526 predictis

368 2548 485 2613 nostris
508 2547 761 2614 antecessoribus
791 2547 874 2614 iacta
905 2556 973 2627 est,
997 2567 1155 2631 nunquam
1178 2547 1347 2631 aliquando
1376 2555 1606 2630 corrumpatur,

369 2652 427 2718 sed
448 2650 591 2718 findetur
613 2658 647 2719 et
668 2653 892 2720 inuiolabiliter
908 2653 1095 2720 ohseruetur
1119 2702 1125 2716 .
1150 2702 1157 2715 .
1182 2701 1189 2716 .
1214 2703 1221 2717 .
1246 2651 1340 2718 Unde
1362 2670 1472 2718 omnes
1487 2651 1607 2734 pariter

370 2761 547 2823 statuentes
569 2757 737 2823 statuimus
761 2763 795 2824 et
817 2756 950 2823 firmiter
972 2757 1207 2839 confirmamus,
1231 2763 1267 2824 ut
1289 2757 1402 2841 nullus,
1430 2757 1530 2824 maior
1552 2760 1609 2822 aut

368 2861 489 2939 minor,
520 2861 675 2943 mancipia
697 2862 738 2927 ad
761 2862 1004 2927 uenundandum
1035 2880 1138 2929 emere
1162 2881 1226 2928 non
1248 2863 1379 2941 debeat3
1413 2879 1472 2928 nec
1494 2861 1607 2943 aliquis

368 2965 508 3048 precium
538 2965 580 3032 ad
608 2986 681 3032 suos
713 2967 883 3050 emptorios
914 2968 989 3032 dare
1013 2967 1127 3034 debeat
1150 2975 1279 3050 propter
1304 2967 1460 3050 mancipia
1482 2985 1608 3049 compa·

368 3071 469 3138 randa
498 3077 555 3137 aut
583 3071 810 3155 uenundanda,
843 3073 917 3155 quia
944 3073 1164 3156 grauissimum
1194 3074 1311 3139 malum
1340 3077 1390 3139 est
1419 3123 1427 3137 .
1452 3123 1490 3138 ..
1522 3072 1605 3138 Item

369 3176 576 3259 precipimus,
607 3184 644 3243 ut
666 3178 843 3260 quicunque
865 3177 898 3242 in
921 3179 1056 3246 nauibus
1080 3178 1195 3244 nostris
1217 3177 1384 3244 nauclerus
1405 3176 1510 3252 fuerit,
1540 3175 1608 3242 nul·

369 3281 496 3348 iatenus
519 3283 635 3349 debeat
656 3282 689 3347 in
720 3283 794 3348 naui
824 3302 883 3349 sua
910 3284 1020 3349 leuare
1050 3283 1220 3364 mancipio,
1252 3302 1355 3365 neque
1386 3283 1425 3349 de
1455 3281 1607 3362 Venonis,

372 3406 476 3469 neque
499 3387 539 3454 de
561 3387 690 3465 Histria,
716 3406 818 3470 neque
843 3388 882 3453 de
913 3388 1088 3466 Dalmatia,
1121 3408 1223 3470 neque
1254 3389 1294 3454 de
1323 3388 1393 3454 aliis
1423 3389 1517 3472 locis,
1551 3407 1608 3470 per

373 3491 493 3558 nullum
517 3491 694 3578 ingenium,
724 3511 828 3572 neque
857 3493 953 3559 etiam
983 3493 1097 3575 aliquis
1126 3493 1285 3560 hominem
1314 3492 1533 3576 negociantem
1559 3491 1608 3558 vel

373 3595 511 3663 Judeum
533 3597 565 3661 in
588 3598 662 3663 naui
685 3616 742 3664 sua
766 3599 875 3665 leuare
898 3599 1022 3666 debeat.

386 3751 390 3758 ·
457 3723 528 3783 Ood.
546 3725 595 3784 lat.
613 3724 642 3782 in
658 3723 791 3784 biblioth.
809 3743 832 3784 s.
850 3725 942 3794 Marci
958 3725 1091 3784 Venetiis
1107 3727 1176 3786 clas.
1199 3725 1278 3785 XIV.
1295 3723 1360 3785 cod.
1377 3723 1502 3784 XXXIX
1517 3741 1561 3784 nr.
1582 3725 1609 3783 1.

414 3809 515 3871 (lodex
530 3810 646 3870 Trevis.
664 3827 687 3871 s.
704 3811 796 3871 Marci
813 3810 863 3870 fol.
880 3812 931 3870 56.

455 3897 542 3958 Tafel
553 3903 582 3957 et
593 3897 739 3958 Thomas:
757 3897 897 3958 Urkunde
913 3915 965 3958 zur
980 3901 1092 3959 bltcren
1107 3897 1253 3958 Handels-
1265 3897 1324 3958 und
1340 3895 1610 3974 Staatsgescbichte

413 3986 466 4046 der
481 3985 628 4063 Republilr
644 3985 788 4061 Venedig.
805 3985 891 4045 Wien
910 3987 1001 4047 1856.
1018 3985 1103 4046 ITh.
1120 3985 1149 4047 S.
1170 3987 1305 4047 19-25,
1323 3985 1488 4045 Romenin:
1512 3983 1610 4044 Stcria

413 4072 478 4134 doc.
495 4073 524 4131 dl
540 4073 668 4132 Veneria
683 4074 706 4150 1,
724 4074 796 4134 371.
813 4073 1002 4132 Monumenta
1016 4074 1179 4149 spectantia
1194 4071 1347 4134 historiam
1363 4071 1517 4132 Slavorum
1546 4089 1609 4132 me-

412 4161 468 4221 rid.
485 4159 649 4234 Zagrabice
669 4161 760 4220 1868.
783 4161 841 4220 vol.
864 4161 895 4239 I,
913 4178 942 4235 p.
962 4163 988 4219 1.
1006 4159 1078 4220 (lod.
1103 4161 1172 4236 dipl.
1196 4159 1280 4220 OSD.
1298 4161 1321 4220 Ι.
1340 4161 1389 4221 89.
1409 4157 1454 4220 Oi.
1471 4158 1611 4219 Andreae

415 4245 545 4308 Danduli
560 4247 659 4307 chron.
676 4251 773 4308 venet.
789 4247 931 4308 Muratori
941 4266 948 4306 :
956 4249 1067 4346 script.
1084 4266 1141 4308 rer.
1157 4248 1218 4308 ital.
1235 4247 1301 4328 XII,
1320 4249 1391 4308 206.
