3494 5410
1364 327 1422 390 151

190 547 258 614 cro,
273 550 332 615 per
347 549 436 598 esser
451 531 659 616 degnamonte
676 549 793 597 recom-
823 550 885 597 non
908 532 1006 614 potui.
1041 530 1109 609 Que
1131 531 1234 597 omnia
1255 537 1331 598 nota
1353 537 1426 600 sunt

189 637 328 722 pensati,
359 637 380 702 il
397 637 454 704 che
470 637 518 703 sin
534 656 591 703 ora
605 655 668 703 non
683 635 724 702 ho
740 655 796 720 po
825 631 1000 703 Laurentio
1011 637 1182 704 uenerabili
1192 635 1425 720 archiepiscopo

190 747 262 810 rute
292 741 472 825 adempire;
507 741 647 824 sapendo
681 746 795 824 queste
824 746 858 808 et
888 741 1044 825 Gregorio
1083 742 1240 823 qnondam
1278 743 1425 826 episcopo

13 849 15 920 ξ
101 877 112 888 ·
189 865 264 915 cose
286 847 428 914 Lorenao
459 845 640 914 venerabile
676 845 793 915 arcive—
812 843 974 914 .Ghroctie
1004 851 1037 912 et
1059 845 1212 929 Gregorio
1240 847 1425 914 cancellario

190 970 330 1031 scovo,e
353 951 507 1036 Gregorio
530 953 583 1036 gio
605 969 739 1018 vescovo
763 951 795 1018 di
825 957 943 1018 nostro.
970 949 1088 1033 Siquis
1106 950 1425 1018 diabolicoinstinctu

188 1057 320 1125 Oroatia
334 1063 368 1123 et
382 1055 536 1141 Gregorio
551 1063 657 1123 nostro
681 1075 790 1124 canae
819 1056 892 1123 hnic
923 1055 1088 1122 donacioni
1121 1063 1231 1123 nostre
1267 1057 1425 1125 contraire

186 1163 257 1230 lier.
281 1161 324 1230 Se
346 1161 457 1228 alcuno
473 1161 645 1244 ardirapcr
660 1161 790 1228 instioto
821 1167 877 1227 aut
899 1160 984 1228 illam
1000 1178 1200 1244 corrumpere
1215 1167 1422 1244 attemptata·

189 1267 349 1336 diobolico
372 1273 591 1334 contravenire
614 1285 632 1332 o
656 1285 792 1334 corrom-
823 1267 921 1346 uerit,
959 1266 1039 1332 iram
1073 1267 1124 1334 dei
1157 1267 1231 1332 trini
1262 1273 1295 1333 et
1327 1267 1421 1334 unias

188 1392 267 1457 pere
290 1377 403 1456 questa
417 1377 527 1438 nosba
542 1372 719 1452 donatione,
743 1371 790 1437 in·
820 1376 854 1438 et
882 1371 1136 1440 maledictionem
1164 1372 1257 1454 (ooox
1288 1379 1321 1440 et
1349 1373 1426 1458 vm)

186 1497 280 1545 corra
304 1478 387 1544 nella
408 1477 562 1562 disgratia
584 1477 616 1543 di
631 1477 692 1542 Dio
708 1476 790 1542 trino
822 1483 1001 1542 sanctorum
1025 1477 1177 1561 (patrum)
1208 1479 1364 1564 incurrat,
1388 1483 1422 1545 et

189 1588 225 1650 et
244 1599 319 1669 uuo,
351 1589 384 1650 et
413 1583 499 1649 nella
520 1582 721 1649 meleditr'one
744 1581 794 1649 dei
824 1582 982 1666 predictos
1014 1586 1138 1649 centum
1167 1583 1285 1649 solidos
1318 1601 1425 1650 mona-

188 1689 271 1754 santi
294 1687 395 1771 padri,
417 1693 449 1754 et
464 1687 511 1754 sia
524 1691 634 1754 tenuto
658 1685 722 1753 alla
740 1706 791 1752 re·
821 1687 918 1755 sterio
945 1687 1044 1754 sancti
1071 1686 1223 1770 Stephani
1249 1691 1424 1770 protomar·

188 1793 355 1860 stitutione
371 1793 421 1859 dei
438 1797 529 1861 cento
541 1793 633 1858 solidi
655 1791 791 1874 predettl
822 1793 901 1872 tin'e,
933 1793 1016 1874 quod
1040 1811 1137 1876 penes
1165 1793 1323 1860 ciuitatem
1345 1791 1425 1876 Spa·

189 1897 220 1962 al
242 1898 434 1964 monasterio
457 1897 561 1964 disan
577 1895 705 1964 Stelano
722 1915 794 1979 pro·
824 1899 923 1964 latum
936 1899 968 1964 in
979 1898 1195 1982 promontorio
1215 1899 1350 1980 positum
1364 1904 1423 1979 est,

189 2003 364 2087 tomartire,
388 2003 446 2069 che
469 2007 487 2069 e
511 2005 603 2086 posto
619 2001 719 2068 vicino
732 2002 796 2067 alla
824 2002 991 2070 restituere
1006 2009 1161 2070 teneatur.
1178 2002 1342 2070 Hecfecta
1356 2001 1424 2071 lue-

13 2085 15 2096 ¹
125 2109 131 2126 ¹
188 2109 268 2175 citta
289 2108 323 2174 di
346 2106 476 2191 Spalato
492 2107 543 2174 nel
566 2108 791 2192 promontorio.
823 2115 897 2175 runt
918 2109 950 2174 in
973 2109 1136 2192 presencia
1152 2108 1263 2174 horum
1278 2109 1423 2176 testium:

189 2213 285 2280 Fatte
306 2211 419 2279 turono
434 2213 464 2278 le
479 2230 552 2279 cose
572 2211 717 2297 predette
732 2211 795 2278 olla
824 2213 964 2297 inprimis
981 2214 1186 2297 prenominati
1199 2213 1425 2296 archiepiscopi

188 2337 345 2402 presenza
361 2318 391 2383 di
407 2319 511 2399 questi
526 2319 712 2387 testimonii:
729 2317 791 2401 pri·
822 2319 1026 2402 (Laurencii),
1036 2317 1180 2403 Gregorii
1189 2319 1263 2385 olim
1275 2319 1423 2404 episcopi,

188 2443 242 2490 ma
274 2422 298 2489 il
331 2423 550 2506 prenominato
583 2425 790 2501 arcivescovo,
824 2473 1052 2491 ........
1076 2422 1332 2490 Dobroslauitihi
1344 2423 1425 2489 Gor·

190 2527 346 2611 Gregorio
377 2527 457 2611 (git)
488 2546 633 2614 vescovo,
657 2577 793 2594 .....
824 2529 906 2607 bine,
931 2529 1078 2596 Desimiri
1108 2529 1270 2606 ubrusari,
1300 2529 1424 2611 Drago·

191 2681 363 2713 ......
367 2633 382 2670 ⁶
411 2631 587 2700 Dobroslao
617 2631 734 2715 figliolo
765 2632 797 2698 di
826 2635 905 2700 slaui
914 2635 1075 2709 dridistici‚
1088 2634 1241 2700 Dominici
1250 2633 1424 2716 posteinie,
1481 2621 1484 2628 ’

191 2737 343 2818 Gorbina,
360 2737 517 2805 Decimiro
533 2738 698 2817 ubrusaro,
715 2737 796 2804 Dra·
826 2739 938 2821 Budici
975 2739 1144 2822 capellani,
1183 2737 1334 2804 Budimiri
1368 2734 1425 2802 filii

190 2843 300 2926 goelao
323 2841 523 2927 drl(di)stioo,
546 2842 716 2910 Domanico
739 2860 794 2924 po·
824 2843 999 2925 Beridragi.

192 2947 335 3024 stelnico,
359 2946 480 3014 Budizc
503 2946 675 3029 capellano,
698 2945 794 3013 Budi-
868 2949 910 3013 Et
933 2967 991 3032 ego
1014 2947 1195 3027 Gregorius,
1220 2943 1424 3012 cancellarius

190 3053 271 3119 miro
293 3051 412 3136 figliolo
435 3052 467 3118 di
489 3051 671 3134 Beridrag.⁷
825 3051 939 3136 prelati
951 3051 1044 3134 regis,
1058 3051 1173 3117 domini
1183 3049 1253 3128 mei,
1267 3049 1325 3116 hec
1336 3047 1425 3116 iussu

235 3157 279 3224 Et
301 3159 331 3223 io
355 3157 519 3240 Gregorio,
543 3157 727 3224 cancelliero
743 3156 794 3224 del
824 3159 892 3224 elus
915 3157 1025 3240 scripsi
1048 3162 1081 3224 et
1102 3155 1192 3222 testis
1215 3153 1310 3221 adfui.

192 3261 377 3348 prolatore,
401 3264 528 3346 signore
540 3267 610 3342 mlo,
627 3263 668 3327 ho
687 3262 795 3328 scritto
868 3263 911 3328 Et
934 3280 992 3344 ego
1015 3261 1176 3328 lohannes
1204 3257 1287 3326 filius
1313 3257 1425 3326 Broto-

192 3374 305 3450 queste
335 3368 462 3435 cosedi
485 3387 543 3435 erro
565 3368 674 3435 ordine
697 3371 730 3433 et
751 3366 796 3432 ini
826 3367 895 3434 radi
917 3367 957 3433 de
979 3366 1127 3432 mandato
1150 3364 1225 3430 dicti
1249 3365 1342 3449 regie,
1371 3362 1424 3428 do-

192 3473 385 3541 teetimonio.
823 3473 899 3540 rnini
907 3473 979 3550 mei,
987 3470 1223 3539 introductoria
1232 3468 1426 3534 territorium

235 3579 280 3644 Et
301 3579 332 3644 io
355 3577 511 3645 Glovanni
533 3574 651 3662 figliolo
667 3577 698 3643 di
716 3575 794 3642 Bra·
823 3577 918 3656 istud,
942 3576 1032 3642 testis
1054 3575 1108 3641 fui.

196 3684 323 3752 tarado⁸
351 3701 410 3766 per
438 3682 549 3749 ordine
579 3682 611 3748 di
641 3681 728 3748 detto
752 3684 797 3764 re,

197 3789 302 3873 signor
316 3789 389 3867 mio,
406 3787 618 3854 introduttore
636 3787 668 3852 di
685 3790 796 3868 questo

197 3893 364 3978 territorio,
387 3891 432 3958 fui
454 3891 645 3959 testimonio.

279 4018 447 4094 Registrom
459 4019 527 4077 olim
544 4016 748 4077 monasteriis.
762 4013 903 4091 Stephani
919 4011 1012 4090 prope
1027 4011 1189 4087 Spalatum,
1205 4025 1281 4068 nunc
1297 4006 1429 4068 Venetiie

237 4105 266 4166 in
281 4103 460 4166 bibliotheca
474 4121 499 4164 s.
511 4105 620 4164 Marci:
637 4102 778 4164 Sorittnre
794 4101 842 4161 del
858 4103 1023 4160 monastero
1039 4099 1068 4158 di
1084 4115 1108 4157 e.
1125 4095 1244 4157 Stelano
1261 4093 1289 4153 di
1306 4093 1428 4170 Spalato

239 4193 301 4254 cod.
319 4209 363 4252 nr.
381 4191 421 4252 LI
436 4192 523 4272 class.
539 4191 566 4252 V
581 4207 651 4250 msc.
669 4190 730 4248 ital.
747 4189 991 4264 'transsumptum
1006 4187 1034 4245 in
1050 4183 1228 4246 bibliotheca
1242 4183 1342 4243 scient.
1360 4197 1428 4240 aca-

238 4279 352 4340 demiae
368 4279 532 4357 Zagrahtae
546 4295 589 4339 nr.
608 4276 742 4337 ooxvlt
757 4275 807 4336 fol.
827 4277 875 4334 11.
891 4274 995 4333 Vereio
1012 4272 1109 4332 italica
1123 4271 1291 4348 negligene3
1308 4267 1425 4328 aetiam

237 4367 357 4428 latinum
372 4367 524 4442 exemplar
538 4365 674 4426 vitiosum
690 4379 755 4424 esse
770 4362 880 4424 debuit.
908 4360 953 4422 of.
968 4377 1012 4420 nr.
1033 4360 1102 4419 115.

280 4453 392 4514 Farlati
407 4453 462 4530 111,
481 4453 552 4513 158.
570 4451 642 4512 God.
659 4451 730 4527 dipl.
747 4449 828 4510 GSD.
843 4449 868 4527 1,
887 4451 957 4508 182.

238 4555 243 4584 ¹
260 4555 341 4610 Anno
361 4555 436 4617 loeo,
454 4549 599 4607 indictione
612 4550 672 4618 llll,
684 4549 878 4606 numerabatur
896 4544 1061 4618 epectaV13
1080 4544 1196 4614 scriptor
1214 4541 1368 4614 diplomatis
1385 4557 1427 4596 re-

200 4640 278 4698 tinuit
294 4647 419 4714 epactam
437 4640 502 4698 unni
519 4639 640 4711 proxime
659 4637 753 4708 elapsi.
841 4635 991 4691 ²inritato.
1073 4633 1211 4702 'esempi
1289 4627 1357 4684 *ot
1375 4627 1429 4685 Ra·
