<?xml version="1.0" encoding="UTF-8"?>
<!DOCTYPE html PUBLIC "-//W3C//DTD XHTML 1.0 Transitional//EN"
    "http://www.w3.org/TR/xhtml1/DTD/xhtml1-transitional.dtd">
<html xmlns="http://www.w3.org/1999/xhtml" xml:lang="en" lang="en">
 <head>
  <title>
</title>
<meta http-equiv="Content-Type" content="text/html;charset=utf-8" />
  <meta name='ocr-system' content='tesseract 3.04.00' />
  <meta name='ocr-capabilities' content='ocr_page ocr_carea ocr_par ocr_line ocrx_word'/>
</head>
<body>
  <div class='ocr_page' id='page_1' title='image "./documentahistor00ragoog_0457.png"; bbox 0 0 3572 5276; ppageno 0'>
   <div class='ocr_carea' id='block_1_1' title="bbox 1360 393 1424 457">
    <p class='ocr_par' dir='ltr' id='par_1_1' title="bbox 1360 393 1424 457">
     <span class='ocr_line' id='line_1_1' title="bbox 1360 393 1424 457; baseline -0.047 0"><span class='ocrx_word' id='word_1_1' title='bbox 1360 393 1424 457; x_wconf 79' lang='lat'><strong>42⁷</strong></span> 
     </span>
    </p>
   </div>
   <div class='ocr_carea' id='block_1_2' title="bbox 186 593 1436 4732">
    <p class='ocr_par' dir='ltr' id='par_1_2' title="bbox 186 593 1432 3067">
     <span class='ocr_line' id='line_1_2' title="bbox 187 593 1423 682; baseline -0.001 -17"><span class='ocrx_word' id='word_1_2' title='bbox 187 598 326 682; x_wconf 86' lang='lat' dir='ltr'><strong>rensem)</strong></span> <span class='ocrx_word' id='word_1_3' title='bbox 358 598 468 665; x_wconf 90' lang='lat' dir='ltr'><strong>urbem</strong></span> <span class='ocrx_word' id='word_1_4' title='bbox 499 597 696 680; x_wconf 89' lang='lat' dir='ltr'><strong>relinquens,</strong></span> <span class='ocrx_word' id='word_1_5' title='bbox 728 597 768 664; x_wconf 88' lang='lat' dir='ltr'><strong>nd</strong></span> <span class='ocrx_word' id='word_1_6' title='bbox 799 597 959 680; x_wconf 87' lang='lat' dir='ltr'><strong>quandam</strong></span> <span class='ocrx_word' id='word_1_7' title='bbox 990 615 1053 664; x_wconf 95' lang='lat' dir='ltr'><strong>non</strong></span> <span class='ocrx_word' id='word_1_8' title='bbox 1083 595 1222 680; x_wconf 88' lang='lat' dir='ltr'><strong>longea</strong></span> <span class='ocrx_word' id='word_1_9' title='bbox 1253 593 1423 680; x_wconf 87' lang='lat' dir='ltr'><strong>Belgra·</strong></span> 
     </span>
     <span class='ocr_line' id='line_1_3' title="bbox 188 699 1428 782; baseline -0.001 -15"><span class='ocrx_word' id='word_1_10' title='bbox 188 703 316 770; x_wconf 89' lang='lat' dir='ltr'><strong>dense</strong></span> <span class='ocrx_word' id='word_1_11' title='bbox 339 703 420 768; x_wconf 88' lang='lat' dir='ltr'><strong>urbe</strong></span> <span class='ocrx_word' id='word_1_12' title='bbox 443 699 616 768; x_wconf 55' lang='lat' dir='ltr'><strong>insulamn</strong></span> <span class='ocrx_word' id='word_1_13' title='bbox 638 701 776 767; x_wconf 81' lang='lat' dir='ltr'><strong>aduenit.</strong></span> <span class='ocrx_word' id='word_1_14' title='bbox 807 701 857 768; x_wconf 91' lang='lat' dir='ltr'><strong>De</strong></span> <span class='ocrx_word' id='word_1_15' title='bbox 879 719 943 782; x_wconf 91' lang='lat' dir='ltr'><strong>qua</strong></span> <span class='ocrx_word' id='word_1_16' title='bbox 973 701 1070 766; x_wconf 89' lang='lat' dir='ltr'><strong>talem</strong></span> <span class='ocrx_word' id='word_1_17' title='bbox 1093 701 1284 782; x_wconf 77' lang='lat' dir='ltr'>legationem</span> <span class='ocrx_word' id='word_1_18' title='bbox 1308 699 1428 766; x_wconf 89' lang='lat' dir='ltr'><strong>civibus</strong></span> 
     </span>
     <span class='ocr_line' id='line_1_4' title="bbox 187 802 1427 888; baseline -0.003 -16"><span class='ocrx_word' id='word_1_19' title='bbox 187 807 315 872; x_wconf 90' lang='lat' dir='ltr'><strong>mittere</strong></span> <span class='ocrx_word' id='word_1_20' title='bbox 337 805 466 888; x_wconf 89' lang='lat' dir='ltr'><strong>placuit,</strong></span> <span class='ocrx_word' id='word_1_21' title='bbox 490 811 527 871; x_wconf 90' lang='lat' dir='ltr'><strong>ut</strong></span> <span class='ocrx_word' id='word_1_22' title='bbox 549 805 577 872; x_wconf 89' lang='lat' dir='ltr'><strong>si</strong></span> <span class='ocrx_word' id='word_1_23' title='bbox 600 811 809 888; x_wconf 91' lang='lat' dir='ltr'><strong>spontaneum</strong></span> <span class='ocrx_word' id='word_1_24' title='bbox 840 803 1032 870; x_wconf 79' lang='lat' dir='ltr'><strong>famulicium</strong></span> <span class='ocrx_word' id='word_1_25' title='bbox 1066 804 1249 886; x_wconf 86' lang='lat' dir='ltr'><strong>persolvere</strong></span> <span class='ocrx_word' id='word_1_26' title='bbox 1271 809 1305 868; x_wconf 91' lang='lat' dir='ltr'><strong>et</strong></span> <span class='ocrx_word' id='word_1_27' title='bbox 1326 802 1427 870; x_wconf 90' lang='lat' dir='ltr'><strong>fideli-</strong></span> 
     </span>
     <span class='ocr_line' id='line_1_5' title="bbox 188 907 1426 992; baseline -0.002 -18"><span class='ocrx_word' id='word_1_28' title='bbox 188 915 286 977; x_wconf 89' lang='lat' dir='ltr'><strong>tatem</strong></span> <span class='ocrx_word' id='word_1_29' title='bbox 310 909 371 976; x_wconf 90' lang='lat' dir='ltr'><strong>sibi</strong></span> <span class='ocrx_word' id='word_1_30' title='bbox 393 909 498 978; x_wconf 92' lang='lat' dir='ltr'><strong>iurare</strong></span> <span class='ocrx_word' id='word_1_31' title='bbox 520 909 648 988; x_wconf 87' lang='lat' dir='ltr'><strong>vellent,</strong></span> <span class='ocrx_word' id='word_1_32' title='bbox 673 909 808 992; x_wconf 88' lang='lat' dir='ltr'><strong>gratiam</strong></span> <span class='ocrx_word' id='word_1_33' title='bbox 831 909 961 990; x_wconf 83' lang='lat' dir='ltr'><strong>adipisci</strong></span> <span class='ocrx_word' id='word_1_34' title='bbox 985 908 1142 975; x_wconf 82' lang='lat' dir='ltr'><strong>ualerent:</strong></span> <span class='ocrx_word' id='word_1_35' title='bbox 1179 907 1226 976; x_wconf 93' lang='lat' dir='ltr'><strong>sin</strong></span> <span class='ocrx_word' id='word_1_36' title='bbox 1249 914 1367 986; x_wconf 85' lang='lat' dir='ltr'><strong>autem,</strong></span> <span class='ocrx_word' id='word_1_37' title='bbox 1391 925 1426 973; x_wconf 91' lang='lat' dir='ltr'><strong>se</strong></span> 
     </span>
     <span class='ocr_line' id='line_1_6' title="bbox 186 1010 1425 1095; baseline -0.002 -16"><span class='ocrx_word' id='word_1_38' title='bbox 186 1013 360 1080; x_wconf 75' lang='lat' dir='ltr'><strong>certamine</strong></span> <span class='ocrx_word' id='word_1_39' title='bbox 383 1018 532 1095; x_wconf 89' lang='lat' dir='ltr'><strong>capturos</strong></span> <span class='ocrx_word' id='word_1_40' title='bbox 554 1011 665 1095; x_wconf 90' lang='lat' dir='ltr'><strong>procul</strong></span> <span class='ocrx_word' id='word_1_41' title='bbox 696 1012 792 1079; x_wconf 89' lang='lat' dir='ltr'><strong>dubio</strong></span> <span class='ocrx_word' id='word_1_42' title='bbox 815 1011 963 1078; x_wconf 82' lang='lat' dir='ltr'><strong>scierant.</strong></span> <span class='ocrx_word' id='word_1_43' title='bbox 991 1011 1062 1078; x_wconf 91' lang='lat' dir='ltr'><strong>Hoc</strong></span> <span class='ocrx_word' id='word_1_44' title='bbox 1082 1030 1158 1078; x_wconf 84' lang='lat' dir='ltr'><strong>vero</strong></span> <span class='ocrx_word' id='word_1_45' title='bbox 1181 1010 1347 1078; x_wconf 76' lang='lat' dir='ltr'><strong>audientes</strong></span> <span class='ocrx_word' id='word_1_46' title='bbox 1371 1011 1425 1077; x_wconf 90' lang='lat' dir='ltr'><strong>do-</strong></span> 
     </span>
     <span class='ocr_line' id='line_1_7' title="bbox 187 1113 1425 1199; baseline -0.002 -18"><span class='ocrx_word' id='word_1_47' title='bbox 187 1117 264 1181; x_wconf 93' lang='lat' dir='ltr'><strong>mini</strong></span> <span class='ocrx_word' id='word_1_48' title='bbox 286 1116 344 1196; x_wconf 91' lang='lat' dir='ltr'><strong>sui,</strong></span> <span class='ocrx_word' id='word_1_49' title='bbox 371 1114 554 1182; x_wconf 85' lang='lat' dir='ltr'><strong>Sclarorum</strong></span> <span class='ocrx_word' id='word_1_50' title='bbox 577 1116 698 1182; x_wconf 88' lang='lat' dir='ltr'><strong>scilicet</strong></span> <span class='ocrx_word' id='word_1_51' title='bbox 712 1115 808 1199; x_wconf 91' lang='lat' dir='ltr'><strong>regis,</strong></span> <span class='ocrx_word' id='word_1_52' title='bbox 831 1115 1006 1198; x_wconf 89' lang='lat' dir='ltr'><strong>periculum</strong></span> <span class='ocrx_word' id='word_1_53' title='bbox 1023 1116 1186 1182; x_wconf 89' lang='lat' dir='ltr'><strong>incurrere</strong></span> <span class='ocrx_word' id='word_1_54' title='bbox 1200 1113 1425 1193; x_wconf 80' lang='lat' dir='ltr'><strong>formidabant,</strong></span> 
     </span>
     <span class='ocr_line' id='line_1_8' title="bbox 187 1217 1426 1301; baseline -0.003 -15"><span class='ocrx_word' id='word_1_55' title='bbox 187 1226 222 1287; x_wconf 90' lang='lat' dir='ltr'><strong>et</strong></span> <span class='ocrx_word' id='word_1_56' title='bbox 243 1225 333 1285; x_wconf 89' lang='lat' dir='ltr'><strong>tanto</strong></span> <span class='ocrx_word' id='word_1_57' title='bbox 356 1217 490 1301; x_wconf 87' lang='lat' dir='ltr'><strong>principi</strong></span> <span class='ocrx_word' id='word_1_58' title='bbox 513 1219 665 1285; x_wconf 87' lang='lat' dir='ltr'><strong>resistere</strong></span> <span class='ocrx_word' id='word_1_59' title='bbox 687 1236 749 1285; x_wconf 93' lang='lat' dir='ltr'><strong>non</strong></span> <span class='ocrx_word' id='word_1_60' title='bbox 772 1218 931 1284; x_wconf 88' lang='lat' dir='ltr'><strong>valebant.</strong></span> <span class='ocrx_word' id='word_1_61' title='bbox 962 1217 1058 1285; x_wconf 89' lang='lat' dir='ltr'><strong>Unde</strong></span> <span class='ocrx_word' id='word_1_62' title='bbox 1088 1225 1224 1300; x_wconf 75' lang='lat' dir='ltr'><strong>auoque</strong></span> <span class='ocrx_word' id='word_1_63' title='bbox 1246 1217 1426 1284; x_wconf 87' lang='lat' dir='ltr'><strong>discrimine</strong></span> 
     </span>
     <span class='ocr_line' id='line_1_9' title="bbox 190 1321 1428 1407; baseline -0.002 -19"><span class='ocrx_word' id='word_1_64' title='bbox 190 1324 297 1407; x_wconf 91' lang='lat' dir='ltr'><strong>positi,</strong></span> <span class='ocrx_word' id='word_1_65' title='bbox 323 1323 398 1404; x_wconf 89' lang='lat' dir='ltr'><strong>quid</strong></span> <span class='ocrx_word' id='word_1_66' title='bbox 421 1342 516 1406; x_wconf 91' lang='lat' dir='ltr'><strong>agere</strong></span> <span class='ocrx_word' id='word_1_67' title='bbox 538 1324 685 1404; x_wconf 85' lang='lat' dir='ltr'><strong>poenitus</strong></span> <span class='ocrx_word' id='word_1_68' title='bbox 707 1323 906 1406; x_wconf 86' lang='lat' dir='ltr'><strong>ignorabant.</strong></span> <span class='ocrx_word' id='word_1_69' title='bbox 930 1321 1074 1388; x_wconf 79' lang='lat' dir='ltr'><strong>Tandem</strong></span> <span class='ocrx_word' id='word_1_70' title='bbox 1096 1323 1299 1389; x_wconf 83' lang='lat' dir='ltr'><strong>timoratione</strong></span> <span class='ocrx_word' id='word_1_71' title='bbox 1322 1321 1428 1388; x_wconf 92' lang='lat' dir='ltr'><strong>domni</strong></span> 
     </span>
     <span class='ocr_line' id='line_1_10' title="bbox 190 1425 1428 1510; baseline -0.005 -14"><span class='ocrx_word' id='word_1_72' title='bbox 190 1429 279 1496; x_wconf 88' lang='lat' dir='ltr'><strong>ducis</strong></span> <span class='ocrx_word' id='word_1_73' title='bbox 302 1428 413 1504; x_wconf 88' lang='lat' dir='ltr'><strong>attriti,</strong></span> <span class='ocrx_word' id='word_1_74' title='bbox 438 1426 638 1493; x_wconf 80' lang='lat' dir='ltr'><strong>adstantibus</strong></span> <span class='ocrx_word' id='word_1_75' title='bbox 661 1425 805 1493; x_wconf 89' lang='lat' dir='ltr'><strong>eiusdem</strong></span> <span class='ocrx_word' id='word_1_76' title='bbox 828 1427 913 1510; x_wconf 88' lang='lat' dir='ltr'><strong>regis</strong></span> <span class='ocrx_word' id='word_1_77' title='bbox 935 1427 1097 1506; x_wconf 87' lang='lat' dir='ltr'><strong>militibus,</strong></span> <span class='ocrx_word' id='word_1_78' title='bbox 1122 1433 1155 1492; x_wconf 90' lang='lat' dir='ltr'><strong>et</strong></span> <span class='ocrx_word' id='word_1_79' title='bbox 1177 1433 1376 1492; x_wconf 87' lang='lat' dir='ltr'><strong>sacramenta</strong></span> <span class='ocrx_word' id='word_1_80' title='bbox 1395 1429 1428 1491; x_wconf 92' lang='lat' dir='ltr'><strong>et</strong></span> 
     </span>
     <span class='ocr_line' id='line_1_11' title="bbox 187 1529 1427 1614; baseline -0.005 -15"><span class='ocrx_word' id='word_1_81' title='bbox 187 1533 374 1614; x_wconf 85' lang='lat' dir='ltr'><strong>obsequium</strong></span> <span class='ocrx_word' id='word_1_82' title='bbox 397 1531 630 1612; x_wconf 86' lang='lat' dir='ltr'><strong>persolverunt.</strong></span> <span class='ocrx_word' id='word_1_83' title='bbox 660 1529 821 1614; x_wconf 82' lang='lat' dir='ltr'><strong>Egressus</strong></span> <span class='ocrx_word' id='word_1_84' title='bbox 843 1549 919 1597; x_wconf 88' lang='lat' dir='ltr'><strong>vero</strong></span> <span class='ocrx_word' id='word_1_85' title='bbox 950 1531 1041 1609; x_wconf 91' lang='lat' dir='ltr'><strong>inde,</strong></span> <span class='ocrx_word' id='word_1_86' title='bbox 1076 1529 1344 1614; x_wconf 86' lang='lat' dir='ltr'><strong>Levigradae</strong></span> <span class='ocrx_word' id='word_1_87' title='bbox 1373 1530 1427 1594; x_wconf 92' lang='lat' dir='ltr'><strong>in-</strong></span> 
     </span>
     <span class='ocr_line' id='line_1_12' title="bbox 187 1633 1431 1717; baseline -0.002 -15"><span class='ocrx_word' id='word_1_88' title='bbox 187 1635 342 1703; x_wconf 83' lang='lat' dir='ltr'><strong>sulae¹⁸</strong></span> <span class='ocrx_word' id='word_1_89' title='bbox 375 1635 504 1702; x_wconf 91' lang='lat' dir='ltr'><strong>colones</strong></span> <span class='ocrx_word' id='word_1_90' title='bbox 541 1633 671 1717; x_wconf 90' lang='lat' dir='ltr'><strong>egregio</strong></span> <span class='ocrx_word' id='word_1_91' title='bbox 705 1633 790 1698; x_wconf 87' lang='lat' dir='ltr'><strong>duci·</strong></span> <span class='ocrx_word' id='word_1_92' title='bbox 816 1640 1018 1700; x_wconf 89' lang='lat' dir='ltr'><strong>occurrentes</strong></span> <span class='ocrx_word' id='word_1_93' title='bbox 1052 1639 1251 1702; x_wconf 82' lang='lat' dir='ltr'><strong>sacramenta</strong></span> <span class='ocrx_word' id='word_1_94' title='bbox 1284 1639 1431 1716; x_wconf 86' lang='lat' dir='ltr'><strong>prompte</strong></span> 
     </span>
     <span class='ocr_line' id='line_1_13' title="bbox 186 1737 1429 1820; baseline 0 -16"><span class='ocrx_word' id='word_1_95' title='bbox 186 1739 341 1806; x_wconf 85' lang='lat' dir='ltr'><strong>iecerunt.</strong></span> <span class='ocrx_word' id='word_1_96' title='bbox 374 1737 517 1820; x_wconf 85' lang='lat' dir='ltr'><strong>Cumque</strong></span> <span class='ocrx_word' id='word_1_97' title='bbox 548 1737 824 1803; x_wconf 84' lang='lat' dir='ltr'><strong>Traorensem</strong></span> <span class='ocrx_word' id='word_1_98' title='bbox 852 1739 965 1804; x_wconf 89' lang='lat' dir='ltr'><strong>urbem</strong></span> <span class='ocrx_word' id='word_1_99' title='bbox 993 1744 1128 1820; x_wconf 91' lang='lat' dir='ltr'><strong>peteret,</strong></span> <span class='ocrx_word' id='word_1_100' title='bbox 1153 1737 1364 1820; x_wconf 91' lang='lat' dir='ltr'><strong>abepiscopo</strong></span> <span class='ocrx_word' id='word_1_101' title='bbox 1388 1738 1429 1804; x_wconf 88' lang='lat' dir='ltr'><strong>ci·</strong></span> 
     </span>
     <span class='ocr_line' id='line_1_14' title="bbox 188 1841 1429 1924; baseline -0.002 -16"><span class='ocrx_word' id='word_1_102' title='bbox 188 1843 346 1924; x_wconf 87' lang='lat' dir='ltr'><strong>vibusque</strong></span> <span class='ocrx_word' id='word_1_103' title='bbox 368 1841 574 1908; x_wconf 88' lang='lat' dir='ltr'><strong>sacramentis</strong></span> <span class='ocrx_word' id='word_1_104' title='bbox 597 1841 821 1908; x_wconf 89' lang='lat' dir='ltr'><strong>corroboratus</strong></span> <span class='ocrx_word' id='word_1_105' title='bbox 845 1848 912 1921; x_wconf 91' lang='lat' dir='ltr'><strong>est;</strong></span> <span class='ocrx_word' id='word_1_106' title='bbox 946 1842 1023 1908; x_wconf 91' lang='lat' dir='ltr'><strong>inibi</strong></span> <span class='ocrx_word' id='word_1_107' title='bbox 1045 1859 1138 1921; x_wconf 91' lang='lat' dir='ltr'><strong>suos,</strong></span> <span class='ocrx_word' id='word_1_108' title='bbox 1169 1859 1250 1924; x_wconf 89' lang='lat' dir='ltr'><strong>quos</strong></span> <span class='ocrx_word' id='word_1_109' title='bbox 1273 1847 1369 1908; x_wconf 84' lang='lat' dir='ltr'><strong>antea</strong></span> <span class='ocrx_word' id='word_1_110' title='bbox 1389 1859 1429 1906; x_wconf 82' lang='lat' dir='ltr'><strong>ex</strong></span> 
     </span>
     <span class='ocr_line' id='line_1_15' title="bbox 187 1943 1429 2029; baseline -0.002 -17"><span class='ocrx_word' id='word_1_111' title='bbox 187 1946 351 2014; x_wconf 76' lang='lat' dir='ltr'><strong>luterensi</strong></span> <span class='ocrx_word' id='word_1_112' title='bbox 386 1947 514 2012; x_wconf 87' lang='lat' dir='ltr'><strong>civitate</strong></span> <span class='ocrx_word' id='word_1_113' title='bbox 547 1945 674 2012; x_wconf 87' lang='lat' dir='ltr'><strong>misisse</strong></span> <span class='ocrx_word' id='word_1_114' title='bbox 709 1945 860 2024; x_wconf 87' lang='lat' dir='ltr'><strong>diximus,</strong></span> <span class='ocrx_word' id='word_1_115' title='bbox 894 1947 1028 2013; x_wconf 84' lang='lat' dir='ltr'><strong>victores</strong></span> <span class='ocrx_word' id='word_1_116' title='bbox 1058 1946 1210 2029; x_wconf 92' lang='lat' dir='ltr'><strong>repperit.</strong></span> <span class='ocrx_word' id='word_1_117' title='bbox 1245 1943 1429 2010; x_wconf 87' lang='lat' dir='ltr'><strong>Sclavorum</strong></span> 
     </span>
     <span class='ocr_line' id='line_1_16' title="bbox 189 2048 1428 2133; baseline -0.004 -15"><span class='ocrx_word' id='word_1_118' title='bbox 189 2051 285 2118; x_wconf 88' lang='lat' dir='ltr'><strong>etiarn</strong></span> <span class='ocrx_word' id='word_1_119' title='bbox 309 2049 394 2133; x_wconf 89' lang='lat' dir='ltr'><strong>regis</strong></span> <span class='ocrx_word' id='word_1_120' title='bbox 417 2048 517 2116; x_wconf 85' lang='lat' dir='ltr'><strong>frater</strong></span> <span class='ocrx_word' id='word_1_121' title='bbox 540 2048 755 2132; x_wconf 80' lang='lat' dir='ltr'><strong>Surigna1‘</strong></span> <span class='ocrx_word' id='word_1_122' title='bbox 770 2049 897 2117; x_wconf 87' lang='lat' dir='ltr'><strong>nomine</strong></span> <span class='ocrx_word' id='word_1_123' title='bbox 912 2049 1035 2129; x_wconf 85' lang='lat' dir='ltr'><strong>aderat,</strong></span> <span class='ocrx_word' id='word_1_124' title='bbox 1059 2051 1112 2132; x_wconf 91' lang='lat' dir='ltr'><strong>qui</strong></span> <span class='ocrx_word' id='word_1_125' title='bbox 1136 2052 1268 2116; x_wconf 88' lang='lat' dir='ltr'><strong>condam</strong></span> <span class='ocrx_word' id='word_1_126' title='bbox 1287 2048 1428 2114; x_wconf 86' lang='lat' dir='ltr'><strong>fraterno</strong></span> 
     </span>
     <span class='ocr_line' id='line_1_17' title="bbox 189 2152 1429 2236; baseline -0.004 -13"><span class='ocrx_word' id='word_1_127' title='bbox 189 2154 264 2223; x_wconf 88' lang='lat' dir='ltr'><strong>dolo</strong></span> <span class='ocrx_word' id='word_1_128' title='bbox 294 2155 447 2236; x_wconf 88' lang='lat' dir='ltr'><strong>deceptus</strong></span> <span class='ocrx_word' id='word_1_129' title='bbox 482 2153 571 2236; x_wconf 91' lang='lat' dir='ltr'><strong>regni</strong></span> <span class='ocrx_word' id='word_1_130' title='bbox 602 2153 754 2220; x_wconf 89' lang='lat' dir='ltr'><strong>amiserat</strong></span> <span class='ocrx_word' id='word_1_131' title='bbox 787 2153 944 2219; x_wconf 88' lang='lat' dir='ltr'><strong>diadema.</strong></span> <span class='ocrx_word' id='word_1_132' title='bbox 976 2154 1049 2235; x_wconf 90' lang='lat' dir='ltr'><strong>lpse</strong></span> <span class='ocrx_word' id='word_1_133' title='bbox 1077 2171 1214 2236; x_wconf 85' lang='lat' dir='ltr'><strong>namque</strong></span> <span class='ocrx_word' id='word_1_134' title='bbox 1243 2171 1306 2219; x_wconf 93' lang='lat' dir='ltr'><strong>non</strong></span> <span class='ocrx_word' id='word_1_135' title='bbox 1336 2152 1429 2218; x_wconf 91' lang='lat' dir='ltr'><strong>modo</strong></span> 
     </span>
     <span class='ocr_line' id='line_1_18' title="bbox 190 2256 1429 2339; baseline -0.004 -12"><span class='ocrx_word' id='word_1_136' title='bbox 190 2258 381 2327; x_wconf 88' lang='lat' dir='ltr'><strong>sacramenti</strong></span> <span class='ocrx_word' id='word_1_137' title='bbox 403 2257 528 2323; x_wconf 78' lang='lat' dir='ltr'><strong>vinomo</strong></span> <span class='ocrx_word' id='word_1_138' title='bbox 552 2275 588 2323; x_wconf 92' lang='lat' dir='ltr'><strong>se</strong></span> <span class='ocrx_word' id='word_1_139' title='bbox 611 2257 713 2324; x_wconf 90' lang='lat' dir='ltr'><strong>eidem</strong></span> <span class='ocrx_word' id='word_1_140' title='bbox 734 2257 806 2322; x_wconf 93' lang='lat' dir='ltr'><strong>duci</strong></span> <span class='ocrx_word' id='word_1_141' title='bbox 838 2258 1018 2337; x_wconf 89' lang='lat' dir='ltr'><strong>associavit,</strong></span> <span class='ocrx_word' id='word_1_142' title='bbox 1042 2259 1268 2324; x_wconf 89' lang='lat' dir='ltr'><strong>verumetiam</strong></span> <span class='ocrx_word' id='word_1_143' title='bbox 1294 2256 1429 2339; x_wconf 87' lang='lat' dir='ltr'><strong>Stepha-</strong></span> 
     </span>
     <span class='ocr_line' id='line_1_19' title="bbox 189 2360 1431 2445; baseline -0.002 -16"><span class='ocrx_word' id='word_1_144' title='bbox 189 2381 266 2430; x_wconf 91' lang='lat' dir='ltr'><strong>num</strong></span> <span class='ocrx_word' id='word_1_145' title='bbox 296 2362 480 2445; x_wconf 91' lang='lat' dir='ltr'><strong>puerulum,</strong></span> <span class='ocrx_word' id='word_1_146' title='bbox 510 2361 708 2429; x_wconf 85' lang='lat' dir='ltr'><strong>karissimam</strong></span> <span class='ocrx_word' id='word_1_147' title='bbox 737 2360 878 2427; x_wconf 89' lang='lat' dir='ltr'><strong>sobolem</strong></span> <span class='ocrx_word' id='word_1_148' title='bbox 901 2379 1008 2440; x_wconf 90' lang='lat' dir='ltr'><strong>suern,</strong></span> <span class='ocrx_word' id='word_1_149' title='bbox 1039 2363 1099 2428; x_wconf 91' lang='lat' dir='ltr'><strong>sibi</strong></span> <span class='ocrx_word' id='word_1_150' title='bbox 1122 2379 1179 2444; x_wconf 93' lang='lat' dir='ltr'><strong>pro</strong></span> <span class='ocrx_word' id='word_1_151' title='bbox 1203 2361 1314 2429; x_wconf 89' lang='lat' dir='ltr'><strong>obside</strong></span> <span class='ocrx_word' id='word_1_152' title='bbox 1347 2379 1431 2428; x_wconf 89' lang='lat' dir='ltr'><strong>conr·</strong></span> 
     </span>
     <span class='ocr_line' id='line_1_20' title="bbox 189 2463 1429 2547; baseline -0.003 -15"><span class='ocrx_word' id='word_1_153' title='bbox 189 2465 394 2534; x_wconf 79' lang='lat' dir='ltr'><strong>mendavit¹⁶.</strong></span> <span class='ocrx_word' id='word_1_154' title='bbox 417 2463 501 2530; x_wconf 92' lang='lat' dir='ltr'><strong>Hinc</strong></span> <span class='ocrx_word' id='word_1_155' title='bbox 524 2464 791 2547; x_wconf 81' lang='lat' dir='ltr'><strong>spaletinam</strong></span> <span class='ocrx_word' id='word_1_156' title='bbox 820 2465 1048 2531; x_wconf 88' lang='lat' dir='ltr'><strong>nobilissimam</strong></span> <span class='ocrx_word' id='word_1_157' title='bbox 1079 2469 1113 2532; x_wconf 92' lang='lat' dir='ltr'><strong>et</strong></span> <span class='ocrx_word' id='word_1_158' title='bbox 1142 2466 1277 2531; x_wconf 89' lang='lat' dir='ltr'><strong>validam</strong></span> <span class='ocrx_word' id='word_1_159' title='bbox 1308 2467 1429 2544; x_wconf 89' lang='lat' dir='ltr'><strong>urbem,</strong></span> 
     </span>
     <span class='ocr_line' id='line_1_21' title="bbox 190 2567 1430 2654; baseline -0.002 -18"><span class='ocrx_word' id='word_1_160' title='bbox 190 2587 275 2654; x_wconf 88' lang='lat' dir='ltr'><strong>quae</strong></span> <span class='ocrx_word' id='word_1_161' title='bbox 297 2570 399 2636; x_wconf 90' lang='lat' dir='ltr'><strong>tucius</strong></span> <span class='ocrx_word' id='word_1_162' title='bbox 421 2568 606 2635; x_wconf 88' lang='lat' dir='ltr'><strong>Delmaciae</strong></span> <span class='ocrx_word' id='word_1_163' title='bbox 628 2567 816 2650; x_wconf 89' lang='lat' dir='ltr'><strong>metropolis</strong></span> <span class='ocrx_word' id='word_1_164' title='bbox 839 2573 980 2649; x_wconf 88' lang='lat' dir='ltr'><strong>constat,</strong></span> <span class='ocrx_word' id='word_1_165' title='bbox 1012 2569 1174 2651; x_wconf 85' lang='lat' dir='ltr'><strong>predictus</strong></span> <span class='ocrx_word' id='word_1_166' title='bbox 1205 2572 1352 2652; x_wconf 81' lang='lat' dir='ltr'><strong>princeps</strong></span> <span class='ocrx_word' id='word_1_167' title='bbox 1374 2568 1430 2633; x_wconf 86' lang='lat' dir='ltr'><strong>ad·</strong></span> 
     </span>
     <span class='ocr_line' id='line_1_22' title="bbox 190 2671 1432 2756; baseline -0.002 -16"><span class='ocrx_word' id='word_1_168' title='bbox 190 2674 297 2753; x_wconf 68' lang='lat' dir='ltr'><strong>ventu</strong></span> <span class='ocrx_word' id='word_1_169' title='bbox 321 2673 449 2756; x_wconf 73' lang='lat' dir='ltr'><strong>quem¹⁶</strong></span> <span class='ocrx_word' id='word_1_170' title='bbox 473 2671 745 2754; x_wconf 89' lang='lat' dir='ltr'><strong>archiepiscopus,</strong></span> <span class='ocrx_word' id='word_1_171' title='bbox 768 2689 859 2738; x_wconf 90' lang='lat' dir='ltr'><strong>sacro</strong></span> <span class='ocrx_word' id='word_1_172' title='bbox 880 2671 1034 2739; x_wconf 87' lang='lat' dir='ltr'><strong>infulatus</strong></span> <span class='ocrx_word' id='word_1_173' title='bbox 1056 2672 1176 2755; x_wconf 86' lang='lat' dir='ltr'><strong>officio,</strong></span> <span class='ocrx_word' id='word_1_174' title='bbox 1208 2691 1279 2739; x_wconf 91' lang='lat' dir='ltr'><strong>cum</strong></span> <span class='ocrx_word' id='word_1_175' title='bbox 1307 2674 1432 2738; x_wconf 92' lang='lat' dir='ltr'><strong>urbana</strong></span> 
     </span>
     <span class='ocr_line' id='line_1_23' title="bbox 191 2774 1430 2860; baseline -0.002 -17"><span class='ocrx_word' id='word_1_176' title='bbox 191 2784 258 2843; x_wconf 92' lang='lat' dir='ltr'><strong>tarn</strong></span> <span class='ocrx_word' id='word_1_177' title='bbox 282 2776 466 2843; x_wconf 88' lang='lat' dir='ltr'><strong>clericorum</strong></span> <span class='ocrx_word' id='word_1_178' title='bbox 490 2793 585 2859; x_wconf 90' lang='lat' dir='ltr'><strong>quarn</strong></span> <span class='ocrx_word' id='word_1_179' title='bbox 614 2774 766 2842; x_wconf 88' lang='lat' dir='ltr'><strong>laicorum</strong></span> <span class='ocrx_word' id='word_1_180' title='bbox 796 2776 998 2843; x_wconf 89' lang='lat' dir='ltr'><strong>multitudine</strong></span> <span class='ocrx_word' id='word_1_181' title='bbox 1029 2778 1169 2860; x_wconf 80' lang='lat' dir='ltr'><strong>excepit,</strong></span> <span class='ocrx_word' id='word_1_182' title='bbox 1201 2781 1234 2843; x_wconf 92' lang='lat' dir='ltr'><strong>et</strong></span> <span class='ocrx_word' id='word_1_183' title='bbox 1262 2777 1430 2843; x_wconf 88' lang='lat' dir='ltr'><strong>missarum</strong></span> 
     </span>
     <span class='ocr_line' id='line_1_24' title="bbox 191 2878 1426 2962; baseline -0.003 -14"><span class='ocrx_word' id='word_1_184' title='bbox 191 2879 378 2962; x_wconf 89' lang='lat' dir='ltr'><strong>sollempnia</strong></span> <span class='ocrx_word' id='word_1_185' title='bbox 407 2881 622 2959; x_wconf 84' lang='lat' dir='ltr'><strong>incelebrans,</strong></span> <span class='ocrx_word' id='word_1_186' title='bbox 654 2897 693 2945; x_wconf 82' lang='lat' dir='ltr'><strong>er</strong></span> <span class='ocrx_word' id='word_1_187' title='bbox 714 2884 790 2946; x_wconf 84' lang='lat' dir='ltr'><strong>voto</strong></span> <span class='ocrx_word' id='word_1_188' title='bbox 819 2878 995 2945; x_wconf 89' lang='lat' dir='ltr'><strong>iusiurandi</strong></span> <span class='ocrx_word' id='word_1_189' title='bbox 1016 2878 1080 2945; x_wconf 91' lang='lat' dir='ltr'><strong>fide</strong></span> <span class='ocrx_word' id='word_1_190' title='bbox 1102 2881 1205 2947; x_wconf 90' lang='lat' dir='ltr'><strong>eidem</strong></span> <span class='ocrx_word' id='word_1_191' title='bbox 1228 2897 1337 2947; x_wconf 91' lang='lat' dir='ltr'><strong>ornnes</strong></span> <span class='ocrx_word' id='word_1_192' title='bbox 1359 2879 1426 2962; x_wconf 91' lang='lat' dir='ltr'><strong>pla-</strong></span> 
     </span>
     <span class='ocr_line' id='line_1_25' title="bbox 192 2989 485 3067; baseline -0.003 -17"><span class='ocrx_word' id='word_1_193' title='bbox 192 3002 267 3051; x_wconf 89' lang='lat' dir='ltr'><strong>care</strong></span> <span class='ocrx_word' id='word_1_194' title='bbox 290 2989 485 3067; x_wconf 83' lang='lat' dir='ltr'><strong>satagerunt.</strong></span> 
     </span>
    </p>

    <p class='ocr_par' dir='ltr' id='par_1_3' title="bbox 192 3085 1435 4001">
     <span class='ocr_line' id='line_1_26' title="bbox 234 3085 1431 3170; baseline -0.001 -16"><span class='ocrx_word' id='word_1_195' title='bbox 234 3087 597 3155; x_wconf 88' lang='lat' dir='ltr'><strong>Narrentanorum</strong></span> <span class='ocrx_word' id='word_1_196' title='bbox 620 3086 748 3169; x_wconf 86' lang='lat' dir='ltr'><strong>quidem</strong></span> <span class='ocrx_word' id='word_1_197' title='bbox 769 3085 917 3168; x_wconf 88' lang='lat' dir='ltr'><strong>princeps</strong></span> <span class='ocrx_word' id='word_1_198' title='bbox 939 3087 1150 3170; x_wconf 87' lang='lat' dir='ltr'><strong>quodraginta</strong></span> <span class='ocrx_word' id='word_1_199' title='bbox 1165 3104 1294 3153; x_wconf 86' lang='lat' dir='ltr'><strong>suorum</strong></span> <span class='ocrx_word' id='word_1_200' title='bbox 1309 3088 1342 3152; x_wconf 93' lang='lat' dir='ltr'><strong>in</strong></span> <span class='ocrx_word' id='word_1_201' title='bbox 1358 3103 1431 3170; x_wconf 85' lang='lat' dir='ltr'><strong>cep-</strong></span> 
     </span>
     <span class='ocr_line' id='line_1_27' title="bbox 192 3189 1434 3284; baseline -0.002 -26"><span class='ocrx_word' id='word_1_202' title='bbox 192 3193 350 3258; x_wconf 85' lang='lat' dir='ltr'><strong>tiuitatem</strong></span> <span class='ocrx_word' id='word_1_203' title='bbox 374 3193 570 3284; x_wconf 85' lang='lat' dir='ltr'><strong>mancipatos</strong></span> <span class='ocrx_word' id='word_1_204' title='bbox 592 3194 742 3273; x_wconf 86' lang='lat' dir='ltr'><strong>expertus</strong></span> <span class='ocrx_word' id='word_1_205' title='bbox 764 3195 823 3257; x_wconf 91' lang='lat' dir='ltr'><strong>est.</strong></span> <span class='ocrx_word' id='word_1_206' title='bbox 856 3189 917 3268; x_wconf 84' lang='lat' dir='ltr'><strong>Qui</strong></span> <span class='ocrx_word' id='word_1_207' title='bbox 946 3189 1013 3258; x_wconf 87' lang='lat' dir='ltr'><strong>suis</strong></span> <span class='ocrx_word' id='word_1_208' title='bbox 1042 3191 1250 3259; x_wconf 86' lang='lat' dir='ltr'><strong>internunciis</strong></span> <span class='ocrx_word' id='word_1_209' title='bbox 1284 3192 1434 3257; x_wconf 93' lang='lat' dir='ltr'><strong>domnum</strong></span> 
     </span>
     <span class='ocr_line' id='line_1_28' title="bbox 192 3293 1435 3378; baseline -0.001 -16"><span class='ocrx_word' id='word_1_210' title='bbox 192 3297 304 3362; x_wconf 90' lang='lat' dir='ltr'><strong>ducem</strong></span> <span class='ocrx_word' id='word_1_211' title='bbox 328 3293 477 3360; x_wconf 89' lang='lat' dir='ltr'><strong>continua</strong></span> <span class='ocrx_word' id='word_1_212' title='bbox 498 3312 609 3377; x_wconf 90' lang='lat' dir='ltr'><strong>prece,</strong></span> <span class='ocrx_word' id='word_1_213' title='bbox 641 3294 702 3360; x_wconf 91' lang='lat' dir='ltr'><strong>sibi</strong></span> <span class='ocrx_word' id='word_1_214' title='bbox 732 3294 804 3361; x_wconf 90' lang='lat' dir='ltr'><strong>illos</strong></span> <span class='ocrx_word' id='word_1_215' title='bbox 828 3293 937 3378; x_wconf 91' lang='lat' dir='ltr'><strong>reddi,</strong></span> <span class='ocrx_word' id='word_1_216' title='bbox 971 3294 1167 3376; x_wconf 88' lang='lat' dir='ltr'><strong>imploravit:</strong></span> <span class='ocrx_word' id='word_1_217' title='bbox 1198 3294 1259 3363; x_wconf 93' lang='lat' dir='ltr'><strong>hoc</strong></span> <span class='ocrx_word' id='word_1_218' title='bbox 1286 3295 1435 3362; x_wconf 86' lang='lat' dir='ltr'><strong>uidelicet</strong></span> 
     </span>
     <span class='ocr_line' id='line_1_29' title="bbox 192 3397 1435 3483; baseline 0.001 -19"><span class='ocrx_word' id='word_1_219' title='bbox 192 3403 305 3483; x_wconf 90' lang='lat' dir='ltr'><strong>pacto,</strong></span> <span class='ocrx_word' id='word_1_220' title='bbox 338 3416 417 3480; x_wconf 90' lang='lat' dir='ltr'><strong>quo,</strong></span> <span class='ocrx_word' id='word_1_221' title='bbox 447 3399 631 3479; x_wconf 84' lang='lat' dir='ltr'><strong>priusquam</strong></span> <span class='ocrx_word' id='word_1_222' title='bbox 660 3399 729 3480; x_wconf 90' lang='lat' dir='ltr'><strong>ipse</strong></span> <span class='ocrx_word' id='word_1_223' title='bbox 759 3399 823 3465; x_wconf 85' lang='lat' dir='ltr'><strong>dux</strong></span> <span class='ocrx_word' id='word_1_224' title='bbox 845 3397 885 3465; x_wconf 91' lang='lat' dir='ltr'><strong>de</strong></span> <span class='ocrx_word' id='word_1_225' title='bbox 908 3397 972 3464; x_wconf 91' lang='lat' dir='ltr'><strong>illis</strong></span> <span class='ocrx_word' id='word_1_226' title='bbox 996 3398 1100 3465; x_wconf 84' lang='lat' dir='ltr'><strong>exiret</strong></span> <span class='ocrx_word' id='word_1_227' title='bbox 1131 3397 1262 3477; x_wconf 86' lang='lat' dir='ltr'><strong>finibus,</strong></span> <span class='ocrx_word' id='word_1_228' title='bbox 1292 3399 1435 3465; x_wconf 89' lang='lat' dir='ltr'><strong>tamilla</strong></span> 
     </span>
     <span class='ocr_line' id='line_1_30' title="bbox 192 3501 1432 3585; baseline -0.002 -16"><span class='ocrx_word' id='word_1_229' title='bbox 192 3503 465 3570; x_wconf 87' lang='lat' dir='ltr'><strong>Narrentanorum</strong></span> <span class='ocrx_word' id='word_1_230' title='bbox 496 3503 643 3584; x_wconf 84' lang='lat' dir='ltr'><strong>princeps</strong></span> <span class='ocrx_word' id='word_1_231' title='bbox 666 3521 762 3585; x_wconf 89' lang='lat' dir='ltr'><strong>quam</strong></span> <span class='ocrx_word' id='word_1_232' title='bbox 796 3521 906 3570; x_wconf 89' lang='lat' dir='ltr'><strong>omnes</strong></span> <span class='ocrx_word' id='word_1_233' title='bbox 930 3503 979 3568; x_wconf 92' lang='lat' dir='ltr'><strong>sui</strong></span> <span class='ocrx_word' id='word_1_234' title='bbox 1001 3504 1137 3569; x_wconf 79' lang='lat' dir='ltr'><strong>maimes</strong></span> <span class='ocrx_word' id='word_1_235' title='bbox 1160 3503 1220 3569; x_wconf 89' lang='lat' dir='ltr'><strong>sibi</strong></span> <span class='ocrx_word' id='word_1_236' title='bbox 1244 3502 1285 3569; x_wconf 89' lang='lat' dir='ltr'><strong>ad</strong></span> <span class='ocrx_word' id='word_1_237' title='bbox 1308 3501 1432 3568; x_wconf 83' lang='lat' dir='ltr'><strong>satisfe-</strong></span> 
     </span>
     <span class='ocr_line' id='line_1_31' title="bbox 193 3605 1434 3690; baseline -0.001 -17"><span class='ocrx_word' id='word_1_238' title='bbox 193 3607 338 3673; x_wconf 88' lang='lat' dir='ltr'><strong>ciendum</strong></span> <span class='ocrx_word' id='word_1_239' title='bbox 354 3624 412 3688; x_wconf 93' lang='lat' dir='ltr'><strong>pro</strong></span> <span class='ocrx_word' id='word_1_240' title='bbox 428 3607 494 3672; x_wconf 91' lang='lat' dir='ltr'><strong>suis</strong></span> <span class='ocrx_word' id='word_1_241' title='bbox 509 3608 592 3672; x_wconf 84' lang='lat' dir='ltr'><strong>votis</strong></span> <span class='ocrx_word' id='word_1_242' title='bbox 609 3609 822 3686; x_wconf 83' lang='lat' dir='ltr'><strong>conuenirent,</strong></span> <span class='ocrx_word' id='word_1_243' title='bbox 841 3612 875 3673; x_wconf 91' lang='lat' dir='ltr'><strong>et</strong></span> <span class='ocrx_word' id='word_1_244' title='bbox 896 3626 955 3674; x_wconf 91' lang='lat' dir='ltr'><strong>nec</strong></span> <span class='ocrx_word' id='word_1_245' title='bbox 977 3625 1104 3674; x_wconf 90' lang='lat' dir='ltr'><strong>censum</strong></span> <span class='ocrx_word' id='word_1_246' title='bbox 1127 3607 1305 3690; x_wconf 90' lang='lat' dir='ltr'><strong>predictum</strong></span> <span class='ocrx_word' id='word_1_247' title='bbox 1328 3605 1434 3689; x_wconf 90' lang='lat' dir='ltr'><strong>aliquo</strong></span> 
     </span>
     <span class='ocr_line' id='line_1_32' title="bbox 194 3709 1434 3793; baseline -0.002 -16"><span class='ocrx_word' id='word_1_248' title='bbox 194 3711 290 3778; x_wconf 91' lang='lat' dir='ltr'><strong>modo</strong></span> <span class='ocrx_word' id='word_1_249' title='bbox 314 3712 430 3788; x_wconf 85' lang='lat' dir='ltr'><strong>exiere,</strong></span> <span class='ocrx_word' id='word_1_250' title='bbox 455 3729 515 3775; x_wconf 92' lang='lat' dir='ltr'><strong>nec</strong></span> <span class='ocrx_word' id='word_1_251' title='bbox 541 3710 722 3793; x_wconf 90' lang='lat' dir='ltr'><strong>quempiam</strong></span> <span class='ocrx_word' id='word_1_252' title='bbox 750 3712 921 3778; x_wconf 88' lang='lat' dir='ltr'><strong>iterantem</strong></span> <span class='ocrx_word' id='word_1_253' title='bbox 943 3711 1164 3778; x_wconf 73' lang='lat' dir='ltr'><strong>Venetianm¹’</strong></span> <span class='ocrx_word' id='word_1_254' title='bbox 1186 3711 1356 3778; x_wconf 87' lang='lat' dir='ltr'><strong>molestare</strong></span> <span class='ocrx_word' id='word_1_255' title='bbox 1380 3709 1434 3775; x_wconf 93' lang='lat' dir='ltr'><strong>de-</strong></span> 
     </span>
     <span class='ocr_line' id='line_1_33' title="bbox 192 3813 1433 3896; baseline -0.002 -14"><span class='ocrx_word' id='word_1_256' title='bbox 192 3817 293 3882; x_wconf 89' lang='lat' dir='ltr'><strong>beret.</strong></span> <span class='ocrx_word' id='word_1_257' title='bbox 319 3813 408 3880; x_wconf 89' lang='lat' dir='ltr'><strong>Tunc</strong></span> <span class='ocrx_word' id='word_1_258' title='bbox 431 3814 495 3880; x_wconf 86' lang='lat' dir='ltr'><strong>dux</strong></span> <span class='ocrx_word' id='word_1_259' title='bbox 512 3813 655 3896; x_wconf 85' lang='lat' dir='ltr'><strong>cuptiros</strong></span> <span class='ocrx_word' id='word_1_260' title='bbox 677 3813 812 3882; x_wconf 88' lang='lat' dir='ltr'><strong>reddere</strong></span> <span class='ocrx_word' id='word_1_261' title='bbox 834 3815 963 3894; x_wconf 90' lang='lat' dir='ltr'><strong>iubens,</strong></span> <span class='ocrx_word' id='word_1_262' title='bbox 995 3833 1052 3881; x_wconf 82' lang='lat' dir='ltr'><strong>sex</strong></span> <span class='ocrx_word' id='word_1_263' title='bbox 1079 3819 1203 3881; x_wconf 90' lang='lat' dir='ltr'><strong>tantum</strong></span> <span class='ocrx_word' id='word_1_264' title='bbox 1225 3815 1370 3893; x_wconf 91' lang='lat' dir='ltr'><strong>illorum,</strong></span> <span class='ocrx_word' id='word_1_265' title='bbox 1393 3832 1433 3880; x_wconf 90' lang='lat' dir='ltr'><strong>ne</strong></span> 
     </span>
     <span class='ocr_line' id='line_1_34' title="bbox 193 3916 1087 4001; baseline 0.002 -19"><span class='ocrx_word' id='word_1_266' title='bbox 193 3919 264 4001; x_wconf 92' lang='lat' dir='ltr'><strong>ipse</strong></span> <span class='ocrx_word' id='word_1_267' title='bbox 285 3935 398 4000; x_wconf 89' lang='lat' dir='ltr'><strong>pacem</strong></span> <span class='ocrx_word' id='word_1_268' title='bbox 420 3916 582 3994; x_wconf 69' lang='lat' dir='ltr'><strong>violasset,</strong></span> <span class='ocrx_word' id='word_1_269' title='bbox 606 3922 749 3984; x_wconf 89' lang='lat' dir='ltr'><strong>retentos</strong></span> <span class='ocrx_word' id='word_1_270' title='bbox 772 3933 881 3985; x_wconf 91' lang='lat' dir='ltr'><strong>secum</strong></span> <span class='ocrx_word' id='word_1_271' title='bbox 903 3919 1087 3986; x_wconf 84' lang='lat' dir='ltr'><strong>reservavit.</strong></span> 
     </span>
    </p>

    <p class='ocr_par' dir='ltr' id='par_1_4' title="bbox 192 4019 1436 4732">
     <span class='ocr_line' id='line_1_35' title="bbox 236 4019 1436 4105; baseline 0.001 -18"><span class='ocrx_word' id='word_1_272' title='bbox 236 4021 294 4087; x_wconf 87' lang='lat' dir='ltr'><strong>Eis</strong></span> <span class='ocrx_word' id='word_1_273' title='bbox 317 4020 465 4105; x_wconf 89' lang='lat' dir='ltr'><strong>definitis,</strong></span> <span class='ocrx_word' id='word_1_274' title='bbox 488 4021 529 4087; x_wconf 88' lang='lat' dir='ltr'><strong>ad</strong></span> <span class='ocrx_word' id='word_1_275' title='bbox 544 4021 624 4087; x_wconf 88' lang='lat' dir='ltr'><strong>alios</strong></span> <span class='ocrx_word' id='word_1_276' title='bbox 639 4019 723 4087; x_wconf 80' lang='lat' dir='ltr'><strong>illitu</strong></span> <span class='ocrx_word' id='word_1_277' title='bbox 739 4021 878 4104; x_wconf 81' lang='lat' dir='ltr'><strong>regionis</strong></span> <span class='ocrx_word' id='word_1_278' title='bbox 901 4021 1118 4105; x_wconf 89' lang='lat' dir='ltr'><strong>subiugandos</strong></span> <span class='ocrx_word' id='word_1_279' title='bbox 1138 4039 1284 4105; x_wconf 88' lang='lat' dir='ltr'><strong>gressum</strong></span> <span class='ocrx_word' id='word_1_280' title='bbox 1303 4021 1436 4088; x_wconf 87' lang='lat' dir='ltr'><strong>tendere</strong></span> 
     </span>
     <span class='ocr_line' id='line_1_36' title="bbox 193 4123 1432 4208; baseline -0.002 -16"><span class='ocrx_word' id='word_1_281' title='bbox 193 4127 288 4208; x_wconf 90' lang='lat' dir='ltr'><strong>cepit.</strong></span> <span class='ocrx_word' id='word_1_282' title='bbox 311 4124 404 4207; x_wconf 87' lang='lat' dir='ltr'><strong>Apud</strong></span> <span class='ocrx_word' id='word_1_283' title='bbox 422 4125 523 4190; x_wconf 83' lang='lat' dir='ltr'><strong>sancti</strong></span> <span class='ocrx_word' id='word_1_284' title='bbox 538 4123 668 4190; x_wconf 80' lang='lat' dir='ltr'><strong>Maximi</strong></span> <span class='ocrx_word' id='word_1_285' title='bbox 687 4125 852 4192; x_wconf 80' lang='lat' dir='ltr'><strong>ecclesium</strong></span> <span class='ocrx_word' id='word_1_286' title='bbox 875 4125 1027 4206; x_wconf 90' lang='lat' dir='ltr'><strong>ospicium</strong></span> <span class='ocrx_word' id='word_1_287' title='bbox 1043 4123 1163 4192; x_wconf 89' lang='lat' dir='ltr'><strong>babere</strong></span> <span class='ocrx_word' id='word_1_288' title='bbox 1178 4125 1253 4190; x_wconf 89' lang='lat' dir='ltr'><strong>dum</strong></span> <span class='ocrx_word' id='word_1_289' title='bbox 1269 4124 1432 4203; x_wconf 87' lang='lat' dir='ltr'><strong>voluisset,</strong></span> 
     </span>
     <span class='ocr_line' id='line_1_37' title="bbox 194 4227 1435 4310; baseline -0.002 -14"><span class='ocrx_word' id='word_1_290' title='bbox 194 4227 375 4296; x_wconf 88' lang='lat' dir='ltr'><strong>Curzule</strong></span> <span class='ocrx_word' id='word_1_291' title='bbox 411 4229 516 4295; x_wconf 91' lang='lat' dir='ltr'><strong>insule</strong></span> <span class='ocrx_word' id='word_1_292' title='bbox 547 4227 745 4296; x_wconf 88' lang='lat' dir='ltr'><strong>habitatores</strong></span> <span class='ocrx_word' id='word_1_293' title='bbox 777 4227 843 4294; x_wconf 90' lang='lat' dir='ltr'><strong>suis</strong></span> <span class='ocrx_word' id='word_1_294' title='bbox 873 4239 1056 4295; x_wconf 85' lang='lat' dir='ltr'><strong>recusantes</strong></span> <span class='ocrx_word' id='word_1_295' title='bbox 1086 4245 1200 4310; x_wconf 91' lang='lat' dir='ltr'><strong>parere</strong></span> <span class='ocrx_word' id='word_1_296' title='bbox 1231 4227 1435 4307; x_wconf 91' lang='lat' dir='ltr'><strong>iussionibus,</strong></span> 
     </span>
     <span class='ocr_line' id='line_1_38' title="bbox 192 4331 1434 4417; baseline -0.002 -19"><span class='ocrx_word' id='word_1_297' title='bbox 192 4331 300 4399; x_wconf 88' lang='lat' dir='ltr'><strong>valida</strong></span> <span class='ocrx_word' id='word_1_298' title='bbox 321 4350 417 4397; x_wconf 89' lang='lat' dir='ltr'><strong>manu</strong></span> <span class='ocrx_word' id='word_1_299' title='bbox 439 4332 610 4414; x_wconf 88' lang='lat' dir='ltr'><strong>adquisivit</strong></span> <span class='ocrx_word' id='word_1_300' title='bbox 637 4351 758 4416; x_wconf 88' lang='lat' dir='ltr'><strong>sueque</strong></span> <span class='ocrx_word' id='word_1_301' title='bbox 780 4333 932 4416; x_wconf 85' lang='lat' dir='ltr'><strong>potestati</strong></span> <span class='ocrx_word' id='word_1_302' title='bbox 961 4332 1152 4417; x_wconf 85' lang='lat' dir='ltr'><strong>subiugavit.</strong></span> <span class='ocrx_word' id='word_1_303' title='bbox 1183 4333 1337 4399; x_wconf 89' lang='lat' dir='ltr'><strong>Preterea</strong></span> <span class='ocrx_word' id='word_1_304' title='bbox 1360 4332 1434 4397; x_wconf 90' lang='lat' dir='ltr'><strong>dum</strong></span> 
     </span>
     <span class='ocr_line' id='line_1_39' title="bbox 192 4435 1435 4519; baseline 0.001 -17"><span class='ocrx_word' id='word_1_305' title='bbox 192 4435 295 4503; x_wconf 89' lang='lat' dir='ltr'><strong>isdem</strong></span> <span class='ocrx_word' id='word_1_306' title='bbox 318 4435 382 4501; x_wconf 85' lang='lat' dir='ltr'><strong>dux</strong></span> <span class='ocrx_word' id='word_1_307' title='bbox 406 4436 555 4519; x_wconf 90' lang='lat' dir='ltr'><strong>quicquid</strong></span> <span class='ocrx_word' id='word_1_308' title='bbox 577 4437 665 4503; x_wconf 89' lang='lat' dir='ltr'><strong>cordi</strong></span> <span class='ocrx_word' id='word_1_309' title='bbox 687 4437 808 4516; x_wconf 88' lang='lat' dir='ltr'><strong>aderat,</strong></span> <span class='ocrx_word' id='word_1_310' title='bbox 833 4437 902 4504; x_wconf 91' lang='lat' dir='ltr'><strong>Deo</strong></span> <span class='ocrx_word' id='word_1_311' title='bbox 919 4436 1045 4504; x_wconf 90' lang='lat' dir='ltr'><strong>iautore</strong></span> <span class='ocrx_word' id='word_1_312' title='bbox 1066 4437 1107 4502; x_wconf 83' lang='lat' dir='ltr'><strong>ad</strong></span> <span class='ocrx_word' id='word_1_313' title='bbox 1130 4441 1240 4502; x_wconf 87' lang='lat' dir='ltr'><strong>votum</strong></span> <span class='ocrx_word' id='word_1_314' title='bbox 1262 4453 1435 4518; x_wconf 91' lang='lat' dir='ltr'><strong>conseque-</strong></span> 
     </span>
     <span class='ocr_line' id='line_1_40' title="bbox 194 4539 1434 4624; baseline -0.001 -18"><span class='ocrx_word' id='word_1_315' title='bbox 194 4545 291 4619; x_wconf 91' lang='lat' dir='ltr'><strong>retur,</strong></span> <span class='ocrx_word' id='word_1_316' title='bbox 315 4540 476 4622; x_wconf 89' lang='lat' dir='ltr'><strong>improbos</strong></span> <span class='ocrx_word' id='word_1_317' title='bbox 508 4539 830 4608; x_wconf 81' lang='lat' dir='ltr'><strong>Ladaestinae¹⁸</strong></span> <span class='ocrx_word' id='word_1_318' title='bbox 859 4541 982 4608; x_wconf 88' lang='lat' dir='ltr'><strong>insulae</strong></span> <span class='ocrx_word' id='word_1_319' title='bbox 1009 4540 1205 4608; x_wconf 85' lang='lat' dir='ltr'><strong>habitatores</strong></span> <span class='ocrx_word' id='word_1_320' title='bbox 1228 4539 1359 4624; x_wconf 88' lang='lat' dir='ltr'><strong>aggredi</strong></span> <span class='ocrx_word' id='word_1_321' title='bbox 1382 4557 1434 4605; x_wconf 88' lang='lat' dir='ltr'><strong>co·</strong></span> 
     </span>
     <span class='ocr_line' id='line_1_41' title="bbox 194 4642 1434 4732; baseline 0 -22"><span class='ocrx_word' id='word_1_322' title='bbox 194 4649 288 4710; x_wconf 87' lang='lat' dir='ltr'><strong>natus</strong></span> <span class='ocrx_word' id='word_1_323' title='bbox 304 4647 364 4722; x_wconf 82' lang='lat' dir='ltr'><strong>est,</strong></span> <span class='ocrx_word' id='word_1_324' title='bbox 388 4663 408 4710; x_wconf 90' lang='lat' dir='ltr'><strong>a</strong></span> <span class='ocrx_word' id='word_1_325' title='bbox 431 4661 565 4726; x_wconf 86' lang='lat' dir='ltr'><strong>quorum</strong></span> <span class='ocrx_word' id='word_1_326' title='bbox 580 4644 670 4726; x_wconf 81' lang='lat' dir='ltr'><strong>rabie</strong></span> <span class='ocrx_word' id='word_1_327' title='bbox 685 4644 840 4732; x_wconf 83' lang='lat' dir='ltr'><strong>Venetici,</strong></span> <span class='ocrx_word' id='word_1_328' title='bbox 863 4645 919 4712; x_wconf 91' lang='lat' dir='ltr'><strong>illa</strong></span> <span class='ocrx_word' id='word_1_329' title='bbox 933 4644 1176 4728; x_wconf 80' lang='lat' dir='ltr'><strong>pernavigantos</strong></span> <span class='ocrx_word' id='word_1_330' title='bbox 1194 4644 1274 4724; x_wconf 87' lang='lat' dir='ltr'><strong>loca,</strong></span> <span class='ocrx_word' id='word_1_331' title='bbox 1297 4642 1434 4726; x_wconf 88' lang='lat' dir='ltr'><strong>propriis</strong></span> 
     </span>
    </p>
   </div>
   <div class='ocr_carea' id='block_1_3' title="bbox 0 0 1799 5276">
    <p class='ocr_par' dir='ltr' id='par_1_5' title="bbox 0 0 1799 5276">
     <span class='ocr_line' id='line_1_42' title="bbox 0 0 1799 5276; baseline 0 0"><span class='ocrx_word' id='word_1_332' title='bbox 0 0 1799 5276; x_wconf 95' lang='lat' dir='ltr'><strong> </strong></span> 
     </span>
    </p>
   </div>
  </div>
 </body>
</html>
