3604 5276
1397 341 1457 402 351

212 536 306 596 αὐτοῦ
334 533 441 621 χώραν.
472 533 514 621 μὴ
543 535 764 624 ἐπιλαθόμενος
793 529 826 602 δὲ
857 537 999 620 Capuam
1036 560 1074 607 ac
1110 540 1329 608 Beneuentum
1365 544 1461 609 venit.

213 647 268 711 τῆς
289 639 413 723 ἀργαίας
436 629 529 700 αὐτοῦ
551 639 655 712 κακίας
681 641 822 726 ὲστρατο-
853 640 995 722 Capuani
1018 662 1093 709 vero
1118 663 1156 710 ac
1177 643 1394 711 Beneventani
1418 647 1463 712 le-

213 731 352 816 πέλευσε,
382 743 432 803 καί
458 733 539 811 ἦλθε
568 742 647 827 μετὰ
677 733 824 828 δυνάμεως
855 751 947 826 gatos
970 745 1001 809 in
1022 746 1186 812 Franciam
1210 747 1252 813 ad
1274 767 1381 831 regem
1398 749 1460 826 ΙΙιιι-

214 845 244 907 ἐν
266 841 378 926 Κασπίῃ
399 846 449 906 καὶ
472 845 502 906 ὲν
523 837 687 927 Βενεβινδῷ
704 845 772 932 πρὸς
786 846 823 909 τὰ
854 848 999 912 dovicum
1033 851 1180 933 mittunt,
1215 851 1262 914 uti
1296 853 1460 934 suppetias

214 950 404 1035 πολιορκῆσαι
425 950 475 1010 καὶ
498 949 641 1031 ὑποτάξαι
659 949 775 1022 αὐτοὺς.
798 953 825 1012 ol
854 952 930 1032 ipsis
953 952 1106 1019 adversus
1122 952 1294 1018 soldanum
1318 958 1352 1020 et
1367 952 1461 1020 Afros

213 1043 246 1116 δὲ
273 1051 315 1115 τά
348 1060 475 1114 τοιαῦτα
507 1055 620 1138 κάστρα
649 1061 823 1138 κρατοῦντες
853 1053 960 1122 ferret.
984 1055 1027 1120 At
1050 1075 1105 1122 rex
1127 1057 1305 1122 Ludovicus
1323 1055 1372 1121 his
1389 1075 1461 1140 cog·

212 1155 393 1218 ἀπέστειλαν
423 1154 551 1241 πρέσβεις
581 1155 650 1242 πρὸς
671 1155 724 1218 τάν
747 1159 822 1244 ρ’·ἀγα
855 1159 928 1222 nitis
944 1163 978 1223 et
993 1160 1150 1240 quomodo
1164 1162 1285 1243 egisset
1300 1159 1459 1238 Soldnnus

212 1251 364 1346 Λοδόιγον
394 1260 425 1322 έν
454 1257 612 1345 Φραγγία,
646 1261 694 1320 ἵνα
724 1259 823 1322 ἐλθών
854 1261 1048 1342 principibus
1093 1263 1310 1344 persuadens,
1353 1283 1461 1345 regem
1520 1341 1522 1345 ¹

213 1361 452 1448 σονεποιμύνηται
466 1366 565 1434 αὐτοῖς
575 1361 658 1424 κατὰ
673 1371 727 1424 τοῦ
742 1359 820 1424 Σολ-
850 1365 1048 1445 compeditos
1078 1367 1109 1432 in
1141 1366 1306 1432 Franciam
1329 1367 1456 1432 mittere

214 1455 303 1529 δανοῦ
332 1467 382 1528 καὶ
411 1473 471 1528 τῶν
494 1465 642 1552 Ἀρρικῶν,
676 1470 692 1527 e
720 1455 753 1528 δὲ
775 1466 827 1554 pez
853 1468 1000 1548 voluisse,
1015 1469 1060 1534 sic
1072 1469 1149 1550 ipsis
1166 1470 1345 1552 respondit:
1366 1489 1460 1552 „poe-

213 1558 364 1656 Λοδόιχος
395 1579 495 1632 ταῦτα
518 1568 636 1656 μαθὼν,
667 1572 716 1631 καὶ
739 1569 824 1656 ὅνπερ
855 1573 935 1637 nitet
969 1571 1095 1651 quidem
1129 1591 1179 1638 me
1210 1573 1305 1639 etium
1339 1591 1460 1657 eorum,
1512 1652 1519 1664 .

212 1673 332 1744 ἐποίησε
365 1671 473 1759 τρόπον
505 1677 521 1734 ὁ
550 1663 699 1746 Σολδανός
722 1673 822 1746 πείσας
853 1693 934 1754 queo
957 1680 1052 1741 antea
1075 1677 1164 1742 uobis
1195 1677 1356 1758 prseslili,
1389 1695 1459 1742 cum

211 1777 341 1850 καὶτοὺς
357 1774 503 1864 ἄρχοντας
517 1775 563 1838 ὅτι
578 1767 710 1862 δεσμίους
723 1776 824 1864 μέλλει
855 1795 911 1843 vos
945 1779 986 1843 ab
1019 1777 1164 1845 hostibus
1197 1779 1367 1858 servarim,
1402 1798 1460 1861 pro

212 1885 287 1967 ὑμᾶς
309 1883 325 1942 e
348 1881 441 1969 ῥάξέν
456 1878 597 1968 Φραγγία
618 1881 746 1967 ἐξορίσαι,
770 1883 821 1944 ἀν-
852 1900 913 1963 quo
945 1881 1097 1947 beneficio
1128 1883 1212 1948 mala
1234 1882 1310 1947 mihi
1329 1867 1459 1965 reposu-

212 1974 382 2056 τεδήλωσεν
405 1987 503 2057 cotom
525 1983 571 2047 ὅτι
592 1987 642 2046 καὶ
658 1985 731 2070 ἅπερ
753 1985 818 2046 έπο-
851 1983 936 2068 islis;
972 1991 1005 2050 et
1038 1986 1302 2065 quemadmodum
1336 1987 1457 2052 eiectus

212 2087 281 2168 ίησα
289 2086 821 2175 πρότερονείςὺμάςγιιταρεγέλημαι,
852 2089 920 2170 ipee
943 2107 963 2152 e
985 2089 1073 2154 vobis
1096 2087 1150 2168 fui,
1175 2090 1220 2154 ita
1239 2107 1320 2154 nune
1344 2090 1383 2155 de
1406 2110 1461 2158 ve-

213 2191 260 2255 ὅτι
292 2197 389 2256 έσωσα
418 2197 493 2280 ὑμεῖς
523 2193 584 2255 ἀπὸ
613 2201 675 2254 τῶν
705 2193 821 2278 ὲγθρων
852 2192 1203 2275 sl1·oeniti0gnnde0“.
1222 2192 1459 2258 Tunccdsum-

212 2299 302 2382 ὑμῶν,
318 2299 368 2358 καὶ
383 2287 620 2360 &passionesve
635 2318 683 2382 μοι
705 2293 818 2380 πονηροὶ
848 2314 931 2359 mam
962 2294 1141 2376 angus-tiam
1170 2295 1307 2374 redacti,
1340 2314 1457 2379 aroge

212 2401 280 2462 ἀντὶ
301 2401 437 2485 ἀγαθῶν·
472 2403 522 2462 καὶ
543 2399 647 2472 καθὼς
670 2389 819 2486 ὲδιώγθον
850 2399 1068 2463 Ludovicuad
1084 2398 1296 2480 Romanorum
1319 2399 1456 2481 impera-

212 2503 281 2586 παρ’
310 2507 408 2589 ὑμῶν,
442 2505 546 2590 ἀρτίως
582 2504 674 2590 χαίρω
704 2504 751 2566 ἐπὶ
781 2511 821 2586 τῇ
852 2507 952 2568 louein
973 2503 1095 2585 legatos
1111 2502 1241 2567 mittunt
1255 2503 1399 2588 pelicum,
1424 2511 1460 2570 ui

212 2607 348 2688 ἀπωλείᾳ
379 2611 468 2693 ὑμῶν.
509 2606 583 2669 τότε
621 2606 822 2693 ἀπορήσαντες
851 2607 930 2688 ipsis
960 2607 1169 2687 opitularetur
1192 2611 1288 2686 atque
1312 2608 1351 2674 ab
1375 2609 1459 2674 eius-

212 2711 350 2774 ἀπὸτοῦ
372 2712 457 2800 ῥηγός
473 2699 626 2798 Αολοίγοο
641 2691 820 2773 ἀπέστειλαν
851 2710 936 2776 modi
955 2710 1095 2792 periculo
1120 2701 1174 2776 eos
1197 2710 1358 2777 liberaret.
1384 2712 1459 2776 Pol-

212 2815 477 2902 πρέσβειςπρὰςτάν
487 2813 825 2901 βασιλέαῬωραίωντοῢ
852 2814 965 2880 licetur
981 2831 1073 2896 opem
1089 2814 1277 2896 imperat0r3
1301 2815 1356 2880 sed
1372 2814 1459 2897 lego·

213 2911 312 2984 δοῦναι
330 2923 428 2993 αὐτοῖς
447 2919 588 3002 βοήθειαν
605 2921 655 2980 καὶ
670 2917 823 3003 λιπριίσα-
854 2922 904 2983 lus
935 2918 975 2984 ab
1006 2917 1086 2983 urbe
1109 2917 1461 3000 constantinopolitana

213 3023 286 3086 σθαι
297 3032 352 3086 τοῦ
363 3022 498 3087 τοιούτου
513 3013 651 3086 κινδύνοω
668 3013 728 3084 ddi
741 3021 821 3102 βασι·
851 3021 978 3086 rediene
1009 3026 1105 3102 etque
1135 3022 1221 3087 leole
1251 3021 1317 3086 euie
1348 3022 1458 3086 nuntia

212 3127 279 3199 λεὺς
290 3127 438 3213 ὑπέσχετο
451 3127 601 3208 βοηθῆσαι
609 3129 715 3198 αὐτοῖς.
726 3134 780 3187 τοῦ
788 3115 821 3186 δὲ
851 3123 987 3190 afferens
1009 3125 1049 3190 de
1072 3124 1188 3189 auxilio
1209 3125 1248 3189 eb
1265 3125 1457 3206 imperatore

213 3231 426 3317 ἀποκρισιαρίου
449 3229 509 3292 ἀπὸ
531 3239 585 3302 τῆς
615 3229 725 3300 πόλεως
751 3231 820 3290 ὐτο-
850 3214 1013 3308 mittendo,
1038 3229 1221 3309 priusquam
1244 3229 1275 3291 in
1295 3230 1405 3294 urbem
1423 3247 1459 3295 ee

213 3329 390 3420 στρέψαντος
404 3335 454 3396 καὶ
466 3333 587 3420 ἀγαθάς
606 3333 746 3418 ἀγγελίας
761 3343 821 3404 τοῖς
851 3333 993 3413 recipere
1014 3336 1124 3413 posset
1139 3350 1159 3396 a
1174 3329 1304 3397 Soiduni
1320 3331 1458 3398 excubiis

212 3435 354 3525 πέμψασιν
386 3437 476 3500 αὐτὸν
506 3436 733 3522 ἀποκομίζοντος
761 3437 821 3520 περὶ
851 3436 963 3516 captus
985 3434 1062 3513 fuit3
1096 3436 1311 3516 praesciverat
1342 3436 1459 3526 quippe

212 3551 267 3614 τῆς
289 3551 344 3605 τοῦ
366 3540 507 3624 βασιλέως
529 3539 708 3627 σορραχίας,
731 3539 818 3624 μήπω
848 3539 902 3606 ille
932 3539 1123 3620 legationem
1154 3537 1271 3605 lactum
1293 3539 1334 3604 ad
1356 3521 1465 3620 impe!

212 3643 321 3708 τούτου
343 3643 550 3717 ἀποσωθέντες
572 3645 602 3706 ἐν
623 3653 668 3724 τῷ
691 3647 817 3730 κάστρῳ,
848 3643 1234 3724 1·sloremRomenum‚el
1250 3643 1332 3708 omni
1352 3645 1458 3709 studio

212 3748 366 3836 ἐκρατήθη
381 3749 458 3835 παρά
472 3758 533 3812 τῶν
549 3749 657 3835 βιγλῶν
673 3757 728 3810 τοῦ
743 3745 819 3810 Σολ·
850 3747 993 3812 incubuit
1004 3751 1040 3810 nt
1049 3746 1190 3828 legatum
1203 3755 1348 3828 cuperem
1372 3747 1458 3827 qnod

212 3843 310 3915 δανοῦ·
339 3851 511 3938 προεγνώκει
539 3851 595 3939 γάρ
624 3855 640 3915 ὁ
670 3841 819 3922 Σολδανάς
849 3850 1007 3915 etinctum
1021 3849 1089 3914 luit.
1104 3848 1457 3932 Comprehensoantem

212 3957 267 4028 τάν
292 3963 453 4044 γεγονυῖαν·
470 3955 637 4025 ἀποστολὴν
666 3954 731 4040 πρὸς
761 3959 819 4018 ίκε-
849 3955 956 4037 legato
988 3953 1158 4035 intellexit,
1194 3971 1257 4034 quo
1289 3952 1457 4019 defunctus

211 4061 275 4122 σίαν
308 4070 363 4122 τοῦ
396 4058 538 4142 βασιλέως
570 4056 735 4144 Ῥωμαίων,
769 4059 818 4120 καὶ
848 4057 954 4123 fueret
976 4055 1088 4134 officio,
1113 4061 1146 4121 et
1165 4063 1239 4137 post
1253 4074 1372 4136 pancos
1389 4055 1457 4122 dies

212 4163 370 4227 ἑπὸιιτευσε
417 4173 472 4225 τοῦ
522 4163 574 4225 τὸν
618 4164 820 4247 ἀποκρισιοίριον
850 4160 967 4226 auxilie
989 4149 1121 4226 Romani
1152 4159 1353 4241 imperatoris
1377 4157 1457 4223 affu-

212 4271 312 4330 αὐτῶν
341 4277 501 4354 κρατῆσαι,
533 4265 598 4351 ὅπερ
628 4269 677 4329 καὶ
704 4265 816 4352 γέγονε.
847 4272 929 4330 tura.
966 4265 1051 4329 Dicit
1081 4264 1188 4343 itaquo
1221 4263 1251 4327 ei
1282 4261 1457 4328 Soidenue:

211 4371 414 4459 κρατηθέντος
444 4363 476 4436 δὲ
506 4373 599 4434 αὐτοῦ
632 4373 730 4456 ἔμαθε
763 4369 819 4439 τὴν
854 4371 906 4449 „si
929 4387 1012 4449 quae
1028 4367 1147 4448 dixero,
1167 4366 1292 4444 leceris,
1309 4366 1460 4432 libertate

211 4477 461 4540 ἀποτελεσθεῖσαν
483 4475 545 4562 παρ’
568 4478 661 4537 αὑτοῦ
676 4464 820 4549 δουλείαν,
851 4481 884 4540 et
906 4473 1048 4538 maximis
1071 4472 1255 4537 muneribus
1270 4470 1458 4538 cohoneste-

211 4583 262 4644 καὶ
284 4579 331 4644 ὅτι
346 4573 379 4644 δι’
395 4580 501 4667 ὀλίγων
522 4583 635 4666 ἡμερῶν
658 4581 818 4666 καταλαμ-
850 4579 952 4662 berie;
977 4579 1025 4643 sin
1048 4577 1161 4660 minue,
1185 4575 1269 4641 mele
1287 4580 1388 4640 morte
1404 4592 1466 4655 per
