3602 5304
359 390 421 454 238

878 555 880 559 ’
958 595 1006 656 14.

355 683 378 743 l.
394 683 437 751 sal,
453 699 522 742 nonu
537 681 602 741 ionio.

398 801 486 881 Papa
508 798 685 880 Gregorius
707 797 722 862 Ι
749 797 922 875 ,universis
947 797 1106 879 episcopis
1129 816 1187 880 per
1201 793 1380 880 Illyricnm“
1397 794 1599 877 imperatoria

356 903 501 969 Mauricii
524 907 729 984 praeceptum
752 900 867 968 lobino
895 900 1096 985 ,praeposito
1120 918 1178 981 per
1199 900 1378 984 Illyricum“
1405 899 1525 965 editum
1551 897 1595 961 in-

357 1006 471 1083 culcat,
496 1011 532 1071 nt
554 1003 682 1070 scilicet·
701 1004 894 1086 ,episcopos
918 1021 998 1085 qnos
1021 1023 1041 1068 a
1062 1004 1199 1085 propriis
1214 1004 1292 1070 locis
1308 1001 1494 1070 hostilitatis
1509 999 1599 1066 furor

291 1137 298 1152 ·
357 1107 552 1189 expulerat,
578 1107 734 1188 recipiant
763 1112 859 1198 atque
890 1110 1088 1172 sustentent:
1118 1124 1198 1185 ,non
1222 1105 1349 1188 quidem
1378 1109 1414 1170 ut
1436 1121 1493 1186 per
1515 1119 1599 1183 corr.-

358 1212 540 1276 munionsm
570 1209 759 1292 episcopalis
789 1210 894 1276 throni
923 1210 1061 1292 dignitas
1084 1209 1243 1276 dividatur
1265 1209 1322 1276 sed
1343 1214 1380 1274 nt
1401 1205 1442 1273 ab
1464 1204 1599 1273 ecclesia

358 1315 445 1380 iuxta
467 1314 714 1398 possibilitatem
738 1311 927 1380 sufficientia
950 1313 1089 1380 debeant
1111 1312 1263 1380 alimenta
1285 1311 1480 1396 perciperet

443 1455 574 1531 Rogistri
589 1455 640 1515 lib.
656 1454 671 1513 1
686 1472 735 1530 ep.
752 1456 803 1517 45.
820 1454 931 1514 hlansi:
948 1453 1037 1515 (lonc.
1054 1455 1120 1514 coll.
1138 1454 1190 1532 IX,
1210 1455 1302 1515 1065.
1325 1451 1438 1513 Fariati
1453 1451 1505 1529 VI,
1522 1451 1599 1510 413.

401 1539 473 1601 Ood.
493 1537 564 1618 dipl.
582 1539 664 1603 CSD.
681 1542 705 1619 I,
723 1539 751 1602 6.
768 1542 860 1600 Jaffe:
877 1541 1008 1618 Regesta
1024 1558 1098 1602 rom.
1115 1545 1195 1618 pont
1212 1559 1256 1602 nr.
1275 1541 1347 1600 749.

957 1782 1006 1843 15.

356 1867 381 1928 l.
397 1867 444 1937 ill,
459 1885 528 1928 neno
542 1866 624 1926 nortio.

402 1985 491 2066 Papa
513 1984 687 2066 Gregorius
709 1985 724 2050 Ι
750 1983 877 2061 „Natali
901 1985 1049 2067 episcopo
1069 1983 1287 2052 salonitano“:
1314 1983 1443 2062 ,Multis
1459 1981 1500 2046 ab
1516 1981 1597 2047 urba

360 2094 417 2154 tua
439 2089 655 2169 venientibus,
686 2087 786 2153 frater
817 2087 995 2167 carissime,
1025 2090 1134 2166 didici,
1166 2087 1320 2171 pastorali
1342 2104 1419 2152 cura
1447 2083 1600 2152 derelicta

360 2192 436 2258 solis
459 2199 491 2258 te
514 2193 664 2259 conviviis
689 2198 894 2282 occupatum;
925 2211 1008 2274 qnae
1031 2193 1140 2259 andita
1162 2210 1224 2258 non
1245 2192 1416 2264 crederem,
1438 2188 1498 2254 nisi
1521 2188 1600 2253 haec

359 2296 520 2362 actionum
542 2300 669 2361 tuarum
693 2297 918 2376 experimentis
946 2297 1163 2378 approbarem.
1198 2295 1279 2360 Nam
1302 2292 1378 2375 qnia
1400 2308 1600 2372 nequaqnam

358 2397 487 2465 lectioni
502 2400 644 2481 studeas,
668 2417 867 2480 nequaquam
883 2398 1262 2481 exhortationiinrigiles,
1278 2398 1335 2464 sed
1350 2397 1453 2480 ipsum
1474 2412 1599 2476 qnoque

359 2521 451 2568 nsum
474 2503 679 2568 ecclesiastici
703 2501 821 2567 ordinis
845 2504 981 2584 ignores,
1005 2503 1064 2568 hoc
1082 2509 1134 2568 est
1152 2502 1185 2569 in
1203 2502 1428 2580 testimonium,
1445 2499 1528 2579 qnod
1543 2499 1599 2575 eis,

359 2605 419 2671 sub
436 2606 550 2686 quibus
566 2625 600 2672 es
616 2605 749 2689 positus,
769 2607 979 2672 reverentiam
995 2625 1122 2672 servare
1140 2607 1253 2672 nescis.
1278 2604 1358 2671 Cum
1375 2604 1457 2672 enirn
1472 2607 1601 2668 sanum

359 2711 529 2776 memoriae
553 2710 727 2777 decessoris
750 2710 828 2775 mei¹
851 2709 949 2775 fueris
980 2711 1104 2792 scriptis
1128 2709 1315 2793 prohibitus,
1338 2727 1379 2772 ne
1402 2713 1513 2774 contra
1534 2705 1599 2772 Ilo·

360 2819 506 2881 roratum
541 2813 793 2879 archidiaconum
827 2819 916 2878 tunm
951 2813 1092 2881 dolorem
1124 2819 1189 2878 tam
1220 2815 1335 2896 longae
1365 2809 1601 2894 ingratitudinis

361 2917 532 2996 retineres;
556 2935 689 2998 cumque
712 2935 732 2980 a
753 2935 803 2982 me
826 2918 952 2999 saepuis
971 2923 1137 2999 correptus
1160 2917 1258 2983 fueris
1281 2921 1315 2982 et
1336 2917 1415 2982 haec
1436 2915 1494 2980 tibi
1516 2930 1601 2979 snm·

360 3038 490 3102 mopere
516 3019 634 3085 inerint
659 3019 837 3104 interdicta,
860 3023 894 3085 et
916 3020 1065 3086 mandata
1086 3021 1137 3088 dei
1160 3020 1324 3104 negligens
1347 3020 1405 3086 sed
1427 3022 1461 3086 et
1483 3015 1602 3099 scripta

359 3129 470 3190 nostra
486 3128 690 3190 contemnens
712 3121 891 3204 praelatum
906 3123 1106 3190 Honoratum
1126 3124 1380 3191 archidiaconum
1393 3127 1495 3202 tunm,
1511 3120 1602 3201 quasi

360 3229 401 3294 ad
425 3227 588 3294 fortiorem
612 3228 764 3293 honorem
788 3227 975 3310 provehens
1000 3235 1132 3294 conatus
1149 3247 1184 3295 es
1200 3226 1315 3294 callida
1329 3232 1399 3294 arte
1415 3225 1601 3308 degradare.

359 3330 454 3396 Unde
483 3337 588 3396 aetum
620 3336 678 3410 est,
713 3336 750 3396 nt
779 3350 816 3396 eo
848 3331 888 3398 de
919 3331 1192 3399 archidiaconatus
1220 3331 1288 3398 loco
1319 3336 1475 3396 summoto
1506 3328 1603 3395 ahnm

359 3452 553 3514 accerseres,
577 3435 630 3516 qui
654 3433 717 3499 tuis
738 3434 878 3500 moribus
902 3435 1125 3517 obtemperare
1152 3437 1318 3518 potuisset,
1346 3453 1415 3499 cum
1440 3429 1603 3515 praelatus

360 3537 408 3603 vir
430 3556 488 3620 pro
512 3537 600 3602 nulla
623 3536 680 3603 tihi
703 3557 747 3616 re,
767 3544 805 3602 ut
819 3539 967 3619 arbitror,
991 3539 1162 3623 displicuit,
1186 3539 1246 3605 nisi
1269 3537 1356 3620 qnod
1371 3555 1446 3602 rasa
1461 3553 1553 3601 sacra
1567 3544 1602 3600 et

361 3639 520 3706 velamina
542 3643 606 3706 tuis
629 3649 661 3705 te
684 3641 868 3723 parentibus
884 3642 962 3707 dare
977 3641 1197 3723 prohibebat“.
1223 3689 1229 3706 .
1256 3691 1263 3705 .
1285 3640 1484 3706 Honoratum
1501 3638 1602 3705 archi·

365 3744 533 3811 diaconum
556 3743 680 3810 restitui
702 3744 809 3824 iubet3
834 3745 919 3826 qnod
941 3745 1002 3811 nisi
1023 3743 1088 3828 fiat,
1112 3763 1182 3811 eum
1206 3745 1281 3829 palii
1303 3763 1363 3809 usu
1386 3743 1500 3811 deinde
1519 3759 1603 3809 com-

362 3847 511 3914 munione
533 3849 691 3930 privatum
724 3847 779 3926 iri,
811 3854 972 3928 postremo
995 3867 1030 3914 se
1054 3848 1094 3914 de
1116 3849 1307 3930 removendo
1331 3866 1369 3914 eo
1393 3847 1603 3930 cogitaturum

361 3951 508 4019 ostendit.
543 3951 717 4032 Praecipit,
749 3958 785 4017 nt
806 3951 1005 4018 Honoratum
1032 3953 1214 4018 restitutum
1237 3953 1447 4034 nunciumque
1469 3950 1603 4015 Romam

363 4057 480 4121 mittat.

450 4179 579 4255 Registri
595 4180 644 4239 lib.
662 4179 691 4238 ΙΙ
707 4197 755 4255 op.
775 4181 825 4240 18.
841 4179 954 4239 Mansi:
971 4179 1060 4240 (lonc.
1077 4183 1144 4240 coll.
1160 4181 1212 4254 lX,
1231 4184 1323 4242 1090.
1345 4181 1457 4240 Farlati
1473 4180 1511 4257 11,
1529 4181 1603 4240 22⁷.

404 4265 475 4324 (lod.
494 4265 565 4341 dipl.
582 4264 665 4324 OSD.
682 4266 706 4340 I,
725 4267 753 4327 7.
770 4265 864 4326 Jaffo:
880 4266 1010 4342 Regesta
1025 4274 1107 4342 pont.
1125 4285 1198 4328 rom.
1216 4285 1260 4327 nr.
1278 4270 1351 4329 810.

396 4379 492 4450 ¹Pape
510 4379 613 4449 Pelagii
631 4379 666 4450 ll,
686 4381 732 4449 qui
755 4397 774 4436 a
791 4384 824 4434 27
843 4397 903 4436 nov.
930 4383 982 4436 578
1000 4397 1086 4450 usque
1111 4381 1146 4436 ad
1170 4383 1322 4438 ianuarium
1340 4399 1365 4438 a.
1384 4387 1437 4440 000
1460 4383 1603 4439 eeclesiam

358 4465 561 4534 gubernaverat.
584 4465 650 4520 Vide
667 4466 754 4522 daile:
773 4466 892 4537 Regeata
910 4461 976 4523 rom.
995 4475 1070 4536 pont.
1089 4481 1133 4522 nr.
1152 4471 1211 4524 691.
