3572 5276
1392 385 1452 448 369

211 601 398 680 μεταστῆναι
427 593 477 655 καὶ
506 591 670 678 γραυιώσας
691 593 741 654 καὶ
770 589 820 677 ἄρ»
849 589 1046 671 deponerent
1075 607 1196 674 mores3
1230 605 1309 670 quos
1340 587 1453 656 deinde

211 719 296 784 χουοι
332 695 414 758 κατὰ
450 694 503 758 τόν
541 694 686 783 ῥομαϊιιόν
726 693 821 756 τύπον
852 695 893 759 ad
916 693 1108 759 Graecorum
1138 693 1223 758 vitoe
1251 693 1453 758 eonsuetudi-

210 799 361 884 ὑποτάξας
393 801 443 862 καὶ
476 798 662 885 βαπτίσματι
693 796 818 883 τιμήσας
848 815 921 862 nem
949 798 1120 862 traducens
1151 803 1184 862 et
1213 796 1348 862 Rotnani
1372 797 1453 876 regi-

195 913 266 977 ,τῆς
301 925 338 967 τε
375 893 507 975 δουλείας
548 901 722 988 ὲλειθόρωσι
758 910 819 964 τῶν
849 901 941 967 minis
964 899 1066 968 forma
1081 898 1251 982 praeieetis
1274 899 1454 980 subiiciens

212 1009 327 1070 ἑαυτῶν
349 1005 500 1094 ἀρχόντων
522 1007 572 1070 καὶ
602 1003 819 1092 στρατεύεσθαι
849 1023 939 1072 sacro
962 1013 1130 1088 praetereo
1152 1006 1342 1086 baptismate
1356 1003 1455 1069 hono·
1509 999 1511 1002 ’

211 1111 293 1176 κατὰ
329 1119 391 1173 τῶν
428 1107 581 1197 Ῥωμαίοις
610 1107 819 1195 πολεμούντων
851 1129 935 1189 rens,
949 1110 1155 1192 opriooipum
1164 1108 1327 1188 servitute,
1341 1106 1455 1188 quibus

211 1216 307 1279 ἐθνῶν
329 1203 536 1298 ὲξεπαίθευσον.
849 1219 924 1280 eote
939 1213 989 1279 usi
1007 1218 1109 1298 erunt,
1122 1211 1278 1292 liberavit,
1295 1215 1329 1277 et
1344 1215 1456 1277 eontra

849 1321 962 1398 gentes
995 1316 1147 1383 Romanis
1185 1303 1336 1380 inimicas
1367 1331 1456 1380 erma

849 1419 933 1487 ferre
956 1419 1072 1486 doouit.

299 1543 410 1604 Leonis
425 1543 494 1620 imp.
508 1543 640 1604 Taotieo.
654 1559 681 1605 ο.
699 1544 770 1602 101.
786 1543 907 1602 Meursii
919 1559 1012 1619 opero
1027 1542 1078 1617 vl,
1093 1543 1164 1602 806.
1181 1541 1351 1602 Florentiae
1362 1541 1455 1601 1745.
1471 1565 1476 1571 ·

260 1743 306 1810 To*
341 1737 374 1810 δὲ
407 1748 471 1834 περὶ
502 1745 572 1819 τοὺς
601 1746 631 1809 ὲν
660 1743 824 1833 Δαλματίαν
898 1743 991 1824 Quod
1020 1745 1066 1812 ita
1089 1743 1308 1811 Dalmatarum
1332 1743 1456 1809 auxiliis

215 1850 296 1938 παρὰ
317 1860 373 1925 τῆς
394 1847 564 1937 Ῥωμαοιῆς
591 1849 752 1936 ἐπικουρίας
773 1870 823 1936 γε-
853 1849 1038 1916 oRomanis
1052 1854 1180 1933 gestum
1199 1855 1277 1928 erat,
1302 1849 1457 1929 videntes,

215 1954 299 2042 γονός
314 1956 364 2018 καὶ
378 1953 420 2016 τοὶ
435 1951 733 2041 τρομναμονευθέντα
752 1951 823 2041 γένη
854 1972 934 2036 quas
971 1954 1066 2036 paulo
1103 1953 1249 2035 superius
1286 1951 1459 2018 memoravi

215 2056 414 2145 θεασάμενοι,
452 2058 482 2120 οἵ
511 2079 547 2121 τε
582 2055 739 2144 Χρυβότοι
770 2059 823 2120 καὶ
853 2057 1015 2138 nationes,
1058 2055 1212 2123 Chroboti
1246 2055 1392 2121 nimirum
1427 2059 1460 2120 et

216 2157 338 2249 Σέρβλοι
358 2163 408 2224 καὶ
430 2163 457 2224 οἱ
478 2161 584 2238 λοιποί,
606 2161 657 2224 καὶ
679 2169 734 2224 τοῦ
756 2157 822 2248 ἄρτι
852 2159 956 2227 Serbii
980 2166 1014 2226 et
1027 2160 1150 2242 reliqui,
1175 2159 1307 2239 eiusque
1322 2159 1375 2240 qui
1392 2163 1460 2223 tum

217 2263 420 2348 βασιλεύοντος
431 2261 585 2352 Ῥωμαίων
599 2264 655 2335 τόν
671 2265 823 2327 ἐπιείκειαν
853 2283 959 2331 rerum
997 2265 1153 2344 potiretur
1196 2263 1390 2346 aequitatem
1426 2261 1459 2326 in

217 2371 268 2432 καὶ
289 2369 352 2456 περὶ
373 2374 476 2432 πάντα
497 2358 677 2440 δικαιοσύνην
694 2369 745 2432 καὶ
760 2369 825 2454 ripa·
854 2367 1062 2448 omnibusque
1080 2367 1233 2432 iustitiam
1256 2372 1289 2432 et
1311 2366 1460 2431 virtutem
1574 2407 1577 2414 »

217 2471 273 2544 τὴν
306 2471 536 2560 πυνθανόμενοι,
570 2474 621 2534 καὶ
653 2471 691 2535 τό
726 2473 827 2544 καλῶς
856 2472 1032 2554 audientes,
1055 2471 1201 2552 beneque
1216 2469 1349 2536 subesse
1366 2488 1460 2552 quem

218 2572 363 2663 ἄρχεσθαι
392 2586 447 2640 τοῦ
469 2577 636 2664 ἐπισφαλῶς
658 2576 692 2639 ἐκ
713 2573 822 2663 θρασύ·
854 2576 1031 2657 periculose
1039 2593 1181 2656 ausuque
1189 2575 1359 2641 temerario
1367 2591 1460 2656 proe-

217 2701 310 2754 τατος
331 2679 428 2768 ἄρχειν
450 2681 660 2768 προκρίναντες,
694 2669 823 2749 σπουδὴν
853 2698 926 2746 esse
949 2697 986 2745 ao
1007 2681 1165 2761 imperare
1181 2679 1280 2760 pluris
1296 2676 1458 2757 iacientes,

218 2793 369 2848 ποιοῦνται
401 2783 491 2848 πάλιν
523 2789 561 2858 εἰς
593 2783 649 2854 τόν
681 2783 824 2871 προτέραν
854 2801 985 2866 operam
1008 2783 1160 2850 adhibent
1181 2787 1218 2848 nt
1236 2783 1277 2848 od
1292 2781 1460 2864 pristinum

218 2875 391 2952 δεσποτείαν
414 2889 589 2952 ἐπανελθεῖν
610 2889 661 2952 καὶ
682 2887 750 2975 πρὸς
771 2887 827 2958 τὴν
859 2887 993 2956 redeant
1004 2887 1197 2954 dominatum
1207 2875 1387 2968 iterumque
1396 2885 1461 2952 Ro-

219 2988 388 3078 Ῥωμαϊκὴν
424 2992 635 3080 ἐπαναχθῆναι
675 2981 824 3054 δούλοισιν.
854 2991 957 3057 manis
994 2991 1142 3057 serviant.
1185 2987 1292 3068 Quare
1331 2997 1365 3055 et
1400 2988 1461 3071 ipsi

219 3098 269 3158 καὶ
289 3086 327 3166 δὴ
349 3095 418 3183 πρός
439 3103 532 3160 τοῦτο
553 3098 603 3159 ιιαὶ
625 3093 754 3184 πρέσβεις
775 3097 827 3158 καὶ
856 3100 1002 3161 oratores
1021 3095 1151 3160 mittunt
1165 3094 1207 3159 ed
1225 3095 1460 3176 imperatorem,

219 3201 305 3263 αὐτοὶ
334 3199 403 3288 πρὸς
432 3199 631 3282 τὸνβασιλέα
653 3197 825 3288 πέμπουσιν,
856 3204 925 3263 tum
955 3197 1075 3265 scilicet
1103 3200 1156 3280 qui
1186 3198 1298 3264 eedem
1321 3199 1392 3279 ipsa
1414 3199 1460 3261 in-

220 3307 247 3367 οῖ
259 3325 295 3367 τε
311 3303 390 3390 μετὰ
404 3312 460 3377 τῆς
475 3307 567 3377 αὐτῆς
578 3303 734 3391 θρησιείσα
749 3305 825 3366 ἀτο-
855 3309 1012 3386 tegraque
1024 3302 1174 3384 reiigione
1186 3300 1378 3384 deiecerant,
1395 3307 1473 3366 turn.

178 3443 182 3449 ·
220 3407 443 3482 στατόσαντις,
480 3409 530 3471 καὶ
562 3410 590 3470 οἱ
622 3405 734 3471 τέλειον
770 3415 826 3469 τοῦ
856 3407 911 3490 qui
943 3423 1075 3499 excussa
1103 3406 1207 3487 prime
1229 3424 1287 3470 sua
1309 3406 1463 3470 servitute

219 3512 303 3576 θείου
326 3511 529 3599 βαβτόσματος
556 3510 827 3598 ἀπαυτομολήσαν-
857 3511 919 3594 ipsi
952 3515 1064 3592 sponte
1100 3509 1294 3590 baptismum
1331 3527 1463 3590 prorsus

220 3638 288 3693 τες,
321 3624 376 3690 τῆς
404 3637 441 3678 τε
471 3617 503 3700 ἐξ
526 3617 618 3703 ἀρχῆς
640 3617 739 3678 αὐτῶν
761 3603 829 3682 iem
860 3617 1076 3710 eiureverqnt3
1093 3629 1249 3694 quemque
1258 3611 1353 3678 utiles
1365 3630 1463 3694 quen-

223 3719 402 3793 λώσεωςκαὶ
413 3725 452 3793 εἰς
462 3719 519 3783 ὅσοι
529 3715 683 3806 Ῥωμαίοις
692 3717 830 3808 γεγόνασί
860 3718 963 3800 doque
984 3716 1136 3782 Romanis
1152 3718 1332 3784 extitissent
1346 3734 1463 3800 oppor-

221 3847 299 3888 ποτε
307 3823 442 3912 χρήσιμοι
450 3823 587 3911 εὐκαίρως
595 3821 828 3910 ὑπορεμνόσιιον-
859 3826 935 3888 tune
974 3824 1204 3901 memorantes,
1251 3827 1463 3904 rogantesque

221 3923 830 4016 τες,καὶαξιοῦντεςτῇριλανθρώπῳζεό-
859 3925 1087 3990 humanissimo
1110 3923 1273 3990 Romanae
1301 3925 1464 4006 potentiae

222 4029 832 4122 γλῃτῆςῬομαϊκῆςέξουσίαςιαὶὺπότῷ
863 4029 936 4111 iugo
966 4046 1003 4094 ao
1032 4029 1117 4093 illius
1141 4026 1262 4093 ductori
1284 4027 1464 4106 rectorique

221 4135 336 4211 ταύτης
354 4134 507 4224 ἀγελάρχρ
526 4132 698 4198 τάττεσθαι
712 4135 762 4197 καὶ
777 4135 830 4195 αι’ν-
861 4132 980 4199 subiici.
1003 4131 1126 4197 Horum
1145 4131 1227 4196 votis
1250 4149 1287 4196 eo
1310 4129 1464 4213 petitioni,

221 4239 301 4314 τούς.
318 4234 408 4313 ὧνός
423 4237 546 4326 εὐλόγου
559 4247 612 4312 τῆς
624 4228 749 4309 δεήσεως
758 4237 833 4299 ἐπα·
863 4241 898 4300 ut
928 4253 1010 4317 queo
1040 4233 1099 4300 niti
1126 4228 1249 4300 ratione
1271 4234 1464 4312 viderentur,

222 4343 354 4419 ιιοόσαςό
367 4341 509 4426 βασιλεύς,
522 4339 834 4428 ἐπεὶιιαὶτιρότοόιου
863 4358 897 4406 se
933 4338 1060 4404 facilem
1096 4338 1252 4419 praebens
1294 4338 1468 4418 imperator

224 4439 371 4536 ἐδυσφόρει
386 4450 451 4534 περὶ
463 4447 619 4509 αὐτῶνκαὶ
630 4444 834 4532 inpatieus<
863 4442 994 4526 (quippe
1016 4443 1070 4522 qui
1095 4442 1191 4506 etiam
1213 4445 1309 4505 antee
1329 4459 1386 4520 pro
1403 4439 1466 4504 illis

226 4539 834 4640 οὺραρῷμόρειπερικειιορρένηςκαὶδιηρ-
864 4545 959 4613 animi
987 4549 1166 4628 ,angeretur
1199 4549 1294 4625 etque
1332 4542 1466 4625 doleret,

228 4654 842 4744 mqsaeeneoaooqqneeopooaoc
866 4651 954 4718 volut
982 4649 1114 4732 dicionis
1143 4661 1222 4714 suae
1253 4665 1315 4713 oon
1345 4646 1490 4746 modica·

1322 4753 1365 4817 24
1397 4775 1400 4782 ’
