3572 5276
358 379 423 442 426

360 583 472 650 urbem
496 582 642 674 intrarit,
674 587 708 648 et
737 582 870 665 expletis
903 583 935 648 in
966 581 1066 648 sancti
1097 579 1202 648 Mauri
1233 581 1388 648 aecclesia
1417 579 1602 648 ministeriis

361 687 460 754 sacris
483 693 611 770 arrepto
641 687 714 755 exin
742 687 874 772 itinere,
906 686 1134 770 remigantibus
1165 685 1271 752 nautis
1301 685 1387 768 apud
1417 685 1601 752 monasterii

362 791 464 858 sancti
486 791 635 858 Andreae
665 791 817 871 insulam,
849 810 930 874 quae
961 790 1051 858 iuxta
1079 791 1260 857 Pollansem
1292 789 1454 857 civitatem
1483 794 1602 874 manet,

362 901 456 980 grata
478 896 598 978 ospicia
619 895 739 962 habere
763 895 938 962 voluerunt.
968 895 1050 960 Illuc
1070 894 1258 974 Bertaldus,
1280 893 1437 960 Polleusis
1467 894 1602 961 eximius

363 999 505 1080 antistes,
531 1018 602 1066 cum
624 999 809 1066 clericorum
833 1004 866 1066 et
888 999 1001 1065 civium
1025 998 1229 1064 multitudine
1252 996 1386 1066 festinus
1409 997 1547 1082 advenit,
1570 1003 1604 1064 et

362 1108 499 1185 utroque
519 1104 640 1169 bonore
663 1104 809 1170 eumdem
831 1104 944 1169 ducem
962 1099 1160 1186 glorificavit.

406 1207 529 1274 Deinde
562 1213 688 1272 vastum
721 1205 909 1274 velificando
943 1225 1066 1288 aequor
1098 1205 1381 1272 Absarensem
1415 1204 1457 1271 ad
1491 1204 1602 1273 urbem

363 1311 461 1378 delati
485 1316 569 1377 sunt.
592 1309 656 1377 Ubi
680 1329 744 1376 non
765 1311 860 1377 modo
884 1312 986 1391 cives,
1017 1329 1127 1377 verum
1157 1329 1266 1377 omnes
1298 1309 1338 1376 de
1367 1307 1508 1376 finitimis
1536 1315 1602 1376 tan

362 1416 578 1480 Romanorum
607 1433 701 1497 quam
733 1415 918 1483 Sclavorum
949 1415 1087 1480 castellis
1111 1415 1350 1497 convenientes,
1380 1413 1463 1479 tanti
1490 1411 1603 1495 ospitis

361 1520 532 1586 adventurn
561 1537 597 1586 se
627 1521 828 1601 praevenisse
851 1519 1041 1602 gaudebant.
1072 1518 1116 1584 Ilt
1146 1517 1354 1584 sacramentis
1384 1517 1425 1584 ab
1456 1515 1603 1582 omnibus

361 1624 503 1704 peractis
537 1624 595 1690 sub
629 1624 715 1689 illius
745 1623 896 1706 principis
931 1627 1091 1706 potestate
1121 1640 1250 1689 manere
1282 1622 1501 1688 decreverunt.
1533 1617 1604 1687 Hoc

362 1731 492 1810 peracto
517 1745 641 1794 sacrum
665 1727 748 1793 diem
771 1726 994 1808 pentecosten⁷
1017 1727 1200 1793 solemniter
1223 1725 1435 1806 celebrantes,
1459 1723 1603 1807 predicto

257 1903 265 1922 ³
363 1831 498 1913 principi
520 1832 624 1898 laudis
647 1831 861 1898 modulamina
883 1830 1142 1898 decantaverunt.
1173 1829 1263 1896 Tunc
1292 1829 1454 1908 omnibus,
1487 1829 1602 1911 quibus

364 1935 480 2002 aetatis
504 1935 669 2017 plenitudo
693 1935 836 2019 adherat,
861 1952 967 2002 secum
982 1935 1091 2002 venire
1107 1934 1208 2016 iussit,
1233 1939 1265 1999 et
1281 1935 1421 2016 acceptis
1436 1932 1602 2015 stipendiis

365 2039 553 2121 dispositum
576 2038 783 2106 transfretare
805 2040 867 2104 iter
890 2044 1074 2122 caeperunt.
1098 2038 1209 2106 Altera
1229 2056 1306 2104 roro
1329 2037 1382 2104 die
1411 2037 1602 2104 dotaren-

366 2161 448 2209 sem
471 2147 641 2226 antequam
664 2144 937 2226 adpropinquaret
958 2144 1079 2223 urbem,
1104 2142 1249 2208 eiusdem
1271 2141 1408 2208 duitads
1428 2142 1517 2223 prior
1531 2159 1602 2206 oum

364 2247 514 2330 episcopo
531 2253 564 2314 et
579 2247 715 2314 caeteris
732 2265 823 2314 suum
848 2247 1008 2313 domiuum
1031 2246 1241 2330 gaudimoniis
1263 2247 1358 2327 potiti
1380 2251 1603 2329 recaeperunt3

364 2357 398 2418 et
420 2351 557 2435 ingressi
580 2352 700 2432 urbem,
724 2351 768 2417 ibi
790 2351 875 2417 illius
898 2351 1037 2434 regionis
1059 2349 1195 2418 maiores
1218 2347 1429 2430 mutuantes,
1462 2349 1603 2418 eiusdem

362 2455 514 2538 principis
531 2453 738 2522 dominationi
753 2455 885 2523 subesse
900 2455 1144 2537 praeobtabant.
1168 2455 1257 2521 Inter
1277 2472 1357 2536 quos
1380 2454 1604 2521 Voclansis

364 2564 397 2624 et
418 2557 629 2626 Arbensia
658 2559 799 2642 episcopi
830 2577 900 2624 cum
923 2577 1031 2626 eorum
1054 2559 1217 2626 civitatum
1240 2556 1399 2640 prioribus
1422 2555 1603 2643 adfuerunt,

365 2667 398 2728 et
421 2664 491 2744 pari
513 2668 588 2730 voto
621 2682 717 2745 supra
747 2681 840 2729 sacra
870 2663 1137 2746 evangelistarum
1169 2662 1255 2730 dicta
1283 2662 1485 2740 iuraverunt,
1518 2661 1604 2744 quod

365 2768 454 2832 iuxta
476 2767 602 2832 illorum
625 2767 705 2834 scire
728 2773 761 2834 et
781 2785 877 2849 posce
900 2767 1051 2850 deinceps
1081 2766 1187 2833 domni
1208 2766 1296 2833 Petri
1319 2766 1409 2832 ducis
1430 2765 1526 2832 tidem
1549 2767 1604 2834 ob-

367 2889 496 2936 servare
520 2869 714 2937 debuissent
738 2871 873 2953 Insuper
896 2871 1036 2954 episcopi
1060 2870 1179 2936 eisdem
1201 2871 1300 2937 sacris
1327 2868 1603 2950 confirmaverint,

365 2992 426 3055 quo
449 2972 570 3040 feriatis
593 2974 715 3055 diebus,
739 2974 855 3057 quibus
878 2974 984 3041 laudis
1007 2992 1155 3057 pompam
1176 2975 1210 3040 in
1233 2973 1388 3041 aecclesia
1416 2974 1605 3056 depromere
1735 3009 1741 3022 ·

366 3077 527 3163 solebant,
558 3078 650 3145 istim
674 3079 824 3162 principis
855 3098 969 3147 nornen
1000 3084 1075 3162 post
1103 3079 1349 3162 imperatorum⁸
1378 3077 1481 3145 laudis
1511 3096 1605 3161 prae·

366 3182 464 3248 coniis
487 3181 711 3265 glorificarent.

409 3284 598 3352 croatorum
620 3287 729 3368 itaque
751 3306 807 3354 rex
829 3287 869 3352 ad
894 3305 971 3354 suae
990 3287 1094 3370 gentis
1110 3285 1389 3368 depopulationem
1412 3286 1525 3354 ducem
1549 3287 1606 3354 ad·

364 3390 489 3456 venisse
524 3407 732 3471 prenoscens,
776 3391 960 3456 nunciorum
995 3391 1100 3456 studio
1136 3391 1270 3457 eundem
1305 3390 1433 3473 placare
1465 3389 1606 3473 pacificis

364 3491 452 3558 nisus
476 3497 526 3558 est
546 3494 669 3573 verbis3
693 3495 779 3576 quod
803 3495 936 3560 domnus
960 3493 1023 3560 dux
1046 3495 1171 3560 omnino
1192 3495 1283 3576 parvi
1298 3494 1451 3576 pendens,
1476 3493 1606 3560 eosdem

367 3597 499 3662 nuncios
522 3595 626 3663 redire
650 3597 778 3664 dimisit.
802 3597 845 3663 Et
867 3599 913 3665 sic
935 3603 1075 3665 tractare
1105 3615 1176 3663 cum
1199 3597 1365 3678 utriusque
1387 3598 1492 3680 gentis
1515 3615 1605 3665 exer·

366 3700 430 3764 citu
453 3698 586 3766 adorsus
610 3707 668 3784 est,
692 3719 754 3784 quo
777 3702 974 3768 inimicorum
996 3703 1103 3768 aditus
1127 3703 1265 3774 intrare,
1299 3701 1349 3767 uel
1373 3681 1487 3782 quibus
1511 3719 1607 3785 argu·

364 3803 480 3869 mentis
515 3803 642 3870 illorum
675 3805 884 3871 munitissima
916 3805 988 3872 loon
1020 3805 1176 3871 indemnis
1210 3822 1324 3888 capere
1359 3809 1477 3886 posset.
1517 3805 1609 3872 ibina

367 3906 593 3990 quorumdam⁹
614 3909 771 3975 relatione
793 3909 912 3988 didicit,
937 3908 1149 3992 quadraginta
1170 3908 1427 3975 Narentanorum
1453 3907 1607 3976 nobilium

366 4010 407 4077 de
430 4009 562 4093 Apuleia
584 4011 747 4093 partibus,
778 4012 915 4094 peractis
937 4013 1095 4094 negociis,
1126 4011 1169 4077 ad
1191 4013 1352 4093 propriam
1374 4009 1456 4078 nelle
1478 4013 1607 4078 reverti.

366 4114 485 4180 Decem
519 4132 635 4197 naves,
667 4114 846 4182 hominibus
879 4122 1051 4194 oneratae,
1088 4115 1130 4181 ud
1162 4116 1321 4194 insulam,
1356 4133 1440 4197 quae
1474 4122 1609 4182 vocatur

365 4216 515 4298 Gaaa²⁰,
539 4217 598 4284 sub
628 4219 713 4285 omni
742 4218 947 4286 festinatione
979 4219 1158 4288 destinavit.
1190 4217 1253 4297 Qui
1285 4218 1359 4286 dum
1388 4221 1490 4299 irent,
1521 4218 1609 4286 iaedi

366 4321 538 4388 conamine
569 4322 698 4389 eosdem
728 4323 1050 4406 comprehendentes,
1084 4323 1396 4390 Traoronsem¹l
1425 4324 1467 4391 ad
1497 4323 1611 4390 urbem

365 4426 544 4492 accelerare
565 4427 744 4493 voluerunt.
1142 4419 1148 4434 “

407 4529 550 4596 Domnus
577 4547 713 4612 namque
745 4529 808 4596 dux
838 4532 1005 4612 utriusque
1039 4531 1072 4597 et
1101 4530 1379 4598 Dalmatianorum
1408 4548 1447 4599 ao
1477 4529 1610 4598 Veneti·

364 4649 497 4713 quorum
527 4633 679 4701 militibus
710 4633 827 4701 circum
858 4640 987 4718 septus,
1019 4642 1107 4702 sexto
1130 4633 1183 4702 die
1205 4634 1402 4718 praedictam
1425 4635 1482 4718 (sc.
1509 4635 1601 4702 lata·
