3494 5410
1345 329 1406 392 117

173 535 280 603 future
300 535 504 610 beatitudinis
527 535 708 602 collectiuas
729 535 902 613 inueniens,
926 533 972 598 eis
987 535 1080 600 modo
1096 491 1245 618 exceptis,
1269 551 1331 615 qua
1343 533 1405 599 deo

175 647 209 708 at
239 640 349 708 electis
370 641 455 720 dus,
488 641 578 722 quasi
608 639 889 724 accommodatae,
920 639 994 720 quia
1016 639 1139 704 cencies
1168 638 1328 721 duplicate
1357 655 1407 704 re·

174 743 279 812 client²
301 745 534 824 commendate,
557 763 621 810 una
642 762 712 810 eum
735 743 887 826 Gregorio
910 745 1084 810 uenerabili
1107 743 1318 810 chroatorum
1339 745 1404 826 epi-

174 867 274 933 scopo
297 856 331 915 et
353 851 457 932 tappiu
480 849 660 928 Dominico,
692 867 833 915 meorum
864 851 1013 915 comitum
1036 850 1232 932 aliorumque
1253 847 1405 915 nobilium

173 955 331 1022 communi
360 953 488 1020 fulcitus
518 953 664 1035 consilio,
696 954 836 1019 salutare
858 961 891 1020 et
913 955 1048 1038 perutile
1078 954 1194 1021 ducens
1224 960 1289 1020 tam
1312 953 1405 1020 michi

172 1078 268 1143 quam
291 1060 369 1126 meis
391 1059 645 1138 successoribus,
674 1079 712 1124 ex
735 1059 977 1126 uniuersalitate
1000 1059 1207 1144 multiplicum
1230 1059 1293 1124 mei
1315 1059 1405 1142 regni

173 1165 336 1230 climatum
366 1164 549 1231 beatissimo
579 1163 736 1245 spalatino
766 1163 849 1230 sedis
879 1162 1020 1248 pontifici
1049 1183 1087 1230 ac
1115 1164 1236 1230 martiri
1258 1163 1405 1244 Domnio,

171 1275 318 1351 tempore
346 1269 495 1334 uidelicet
524 1267 691 1334 Laurencii
720 1268 976 1335 reuerendissimi
1005 1267 1246 1352 archiepiscopi,
1277 1267 1406 1352 iuppam

170 1392 250 1453 earu,
276 1390 369 1455 quam
385 1371 575 1440 Centenam⁸
590 1372 687 1454 aiunt,
711 1371 777 1438 sine
792 1372 858 1438 ulla
872 1373 1124 1439 contradictione
1141 1373 1278 1439 omnium
1294 1391 1403 1439 eorum

171 1477 352 1560 quicunque
364 1481 439 1558 post
452 1495 503 1542 me
518 1475 578 1541 hoc
593 1476 624 1541 in
640 1493 738 1558 regno
754 1479 970 1554 successerint,
994 1475 1204 1543 affirmatione
1222 1476 1403 1556 corroboro,

169 1580 430 1648 oomoboraciono
461 1579 502 1646 ab
532 1583 616 1648 omni
639 1586 729 1662 parte
752 1583 933 1662 perenniter
954 1579 1100 1646 habenda
1122 1580 1268 1660 concedo,
1291 1580 1336 1648 sic
1358 1586 1403 1661 ut,

170 1689 424 1767 quantacumque
459 1683 655 1767 longitudine
685 1704 741 1752 seu
772 1685 938 1752 latitudine
968 1684 1184 1768 protenditur,
1216 1685 1284 1750 eius
1316 1702 1403 1752 sanc-

173 1787 260 1856 tifice
292 1788 500 1855 dominacioni
530 1788 623 1870 plene
654 1795 688 1855 et
717 1791 842 1855 omnino
872 1789 1064 1856 subiiciatur.
1106 1789 1156 1854 Ita
1187 1789 1256 1856 dico
1288 1793 1321 1854 et
1346 1788 1407 1855 boe

170 1893 271 1971 edico,
295 1899 331 1958 ut
352 1892 505 1974 quidquid
528 1892 568 1958 ad
591 1893 808 1960 ecclesiastica
831 1892 1078 1975 dispensationis
1101 1893 1244 1958 ordinem
1265 1910 1342 1960 seno
1359 1895 1404 1960 in·

170 1998 305 2065 tellecta
319 1999 477 2080 pertinere
493 1997 627 2076 uidetur,
644 1999 779 2080 pleniter
793 1999 927 2064 habeat:
952 1997 1121 2064 christiane
1137 1996 1212 2064 fidei
1228 1997 1403 2064 doctrinam

170 2102 290 2186 ubique
316 2109 426 2169 tenere
456 2100 569 2182 faciat3
600 2103 761 2169 ordinatos
791 2107 856 2168 tam
886 2103 1086 2186 presbyteros
1117 2121 1210 2186 quarn
1241 2101 1337 2181 alios,
1366 2107 1405 2176 ut

172 2213 261 2274 caste
284 2207 403 2284 uiuant,
426 2207 639 2290 constringam
663 2206 855 2274 ordinandos
879 2207 1018 2274 ordinari
1041 2213 1075 2272 et
1096 2206 1224 2290 synodis
1235 2206 1283 2272 uti
1298 2205 1403 2286 iaciat,

171 2310 338 2378 discordes
361 2311 534 2377 canonicali
557 2311 668 2394 regula
683 2309 850 2393 pacificare
873 2312 1017 2390 studeam
1041 2310 1253 2392 primitiarum
1268 2301 1405 2377 aedeci-

171 2433 294 2482 marum
317 2415 470 2493 omnium,
501 2433 563 2496 qne
585 2416 731 2498 legaliter
754 2415 901 2482 decimari
924 2420 1058 2498 possunt
1079 2419 1112 2481 et
1134 2413 1267 2491 debent,
1298 2418 1363 2480 tam
1387 2433 1407 2480 a

168 2519 343 2585 maioribus
367 2537 460 2601 quarn
485 2519 709 2600 minoribus,
733 2519 924 2604 generaliter
945 2519 1015 2584 iura
1036 2517 1185 2600 recipiat3
1208 2518 1354 2584 uiuorum
1368 2536 1405 2584 ac

171 2629 368 2692 mortuorum
391 2623 525 2690 ecclesie
548 2623 671 2690 debitas
695 2625 875 2692 oblaciones
897 2623 1125 2707 perpetualiter
1139 2623 1311 2705 possideat.
1335 2621 1406 2691 Hoc

172 2732 279 2796 autern
301 2727 373 2794 ideo
396 2727 466 2808 leci,
489 2733 526 2794 ut
547 2729 627 2795 deus
650 2733 684 2794 et
706 2729 850 2796 dominus
877 2734 985 2795 noster
1005 2727 1100 2794 Jesus
1116 2727 1259 2793 Christus
1283 2732 1317 2794 et
1338 2727 1405 2810 glo·

171 2833 256 2899 riosa
278 2832 347 2897 eius
371 2833 505 2916 genitrix
528 2838 561 2899 et
583 2833 682 2918 uirgo,
711 2839 839 2899 sanctus
862 2850 986 2915 qnoque
1008 2833 1122 2900 Petrus
1144 2849 1181 2897 ac
1203 2830 1405 2898 beatissimus

171 2937 325 3004 Domnius
341 2943 451 3002 contra
463 2938 601 3003 omnium
617 2937 858 3004 aduersantium
872 2937 1034 3004 molimina
1055 2938 1140 3002 uires
1157 2953 1194 3002 ac
1209 2935 1403 3018 triumphum

173 3044 268 3108 terris
292 3039 487 3127 conferrent,
519 3048 553 3106 et
581 3042 710 3112 incelis
742 3042 826 3124 apud
858 3061 1013 3108 summum
1042 3041 1177 3106 iudicem
1205 3045 1405 3122 peccatorum

171 3147 297 3212 ueniam
321 3145 477 3225 errorent,⁴
500 3145 732 3230 dignenturque
758 3165 929 3229 preparare
952 3146 1092 3230 gloriam.
1124 3143 1158 3209 Si
1188 3145 1258 3226 quis
1287 3151 1403 3226 autem,

172 3251 256 3332 quod
279 3249 373 3326 absit,
404 3248 485 3315 hana
506 3254 646 3317 nostram
676 3250 882 3318 donacionem
912 3251 1108 3332 disrumpere
1138 3255 1269 3315 conatus
1298 3247 1403 3325 fuerit,

171 3355 218 3421 ira
240 3353 465 3436 omnipotentis
488 3353 539 3420 dei
561 3355 669 3420 ueniat
691 3373 788 3438 super
807 3374 878 3422 eum
895 3361 928 3420 et
943 3354 1180 3420 maledictiones
1204 3375 1282 3420 cccx
1296 3358 1331 3420 et
1345 3377 1406 3419 vm

172 3464 353 3526 sanctorum
374 3463 500 3541 patrum
525 3459 689 3524 incurrant
709 3477 805 3541 super
825 3461 928 3541 ipsum
944 3463 977 3525 et
991 3483 1039 3523 rm
1061 3457 1286 3541 apostolorum,
1310 3463 1406 3541 atque

171 3566 203 3630 in
226 3571 338 3631 eterna
363 3561 567 3629 damnacione
597 3563 753 3646 perpetim
784 3565 939 3630 sustineat
961 3563 1224 3648 combustionem
1254 3579 1314 3630 nec
1343 3580 1406 3629 non

173 3692 214 3736 nx
235 3667 334 3735 libras
358 3671 526 3749 componat
547 3668 633 3748 auri,
661 3667 814 3734 medietas
844 3685 974 3750 quarum
1004 3667 1103 3752 regali
1132 3665 1288 3733 inferatur
1315 3665 1403 3748 fisco,

173 3773 235 3840 alia
255 3789 334 3863 uero
356 3771 479 3854 prelata
501 3771 632 3840 ecclesie
663 3772 838 3838 beatissimi
863 3774 989 3839 Domnii
1012 3771 1201 3838 conferatur.
1231 3771 1300 3838 Hoc
1321 3791 1399 3840 uero

172 3883 314 3946 nosuum
336 3877 543 3943 obseruantes
565 3877 728 3945 decretum
751 3895 863 3944 amena
885 3877 969 3956 loca,
1001 3877 1057 3944 ubi
1078 3877 1201 3960 piorum
1224 3877 1328 3944 anime
1350 3895 1401 3942 re-

171 3983 347 4066 quiescunt,
370 3980 450 4048 elisii
472 3980 636 4063 possideat
658 3982 718 4066 (in)
741 3981 912 4049 θιθιίιιιιιι.5
934 3981 1037 4048 Hacta
1060 3987 1134 4048 sunt
1155 3981 1215 4046 bec
1229 3985 1304 4046 ante
1320 3982 1402 4047 noti-

172 4087 252 4154 ciam
274 4085 387 4152 borum
409 4085 554 4152 testium:
577 4087 741 4168 inprimis
764 4088 890 4169 quidem
906 4085 1028 4154 Helene
1043 4085 1270 4170 gloriosissime
1286 4085 1405 4169 regine,

173 4190 318 4276 Gregorii
338 4189 531 4258 uenerabilis
546 4188 741 4258 chroatensis
757 4192 906 4274 episcopi,
929 4191 949 4256 J
952 4189 1084 4257 ohannis
1100 4189 1289 4258 uenerabilis
1304 4190 1404 4257 abba·

172 4298 212 4364 tis
232 4293 356 4364 cenobii
378 4296 477 4362 saneti
499 4293 724 4376 Bartholomei,
749 4295 822 4361 dein
844 4295 999 4361 Dominici
1022 4295 1126 4378 teppii,
1154 4295 1282 4361 Pribine
1305 4295 1403 4362 cetin-

173 4402 243 4469 stici
264 4398 411 4486 (iupani),
433 4399 454 4466 J
457 4399 548 4467 acobi
570 4399 738 4480 morstici,⁶
759 4398 901 4466 Adamizi
917 4401 1066 4467 nonensis
1081 4399 1199 4482 iupani,
1223 4396 1403 4482 Stresigne'

173 4503 366 4586 breberstici,
388 4503 540 4572 Decimiri
562 4504 779 4584 corbauistici,
801 4504 956 4571 Dominici
977 4504 1131 4572 iadrensis
1160 4502 1344 4584 sacerdotis,
1367 4508 1400 4570 et
1531 4603 1533 4608 k

173 4609 324 4696 Stephani
346 4607 500 4692 capellani
522 4613 556 4675 et
577 4608 745 4692 presbiteri
766 4609 865 4676 sancti
887 4608 1017 4676 Nicolai.
