3604 5276
358 401 422 464 320

953 607 1005 670 21.

351 689 517 786 tais-sa.

352 827 522 911 Dindcoiti,
545 825 709 909 inferioris
732 825 914 891 Pannoniae
936 826 1041 913 dacio,
1070 835 1180 894 caetra
1203 827 1400 894 Francaenm
1422 829 1594 892 dominium

354 931 488 996 rebellia.
520 929 680 996 Lindooiti
700 932 795 996 socii:
829 929 1009 1011 limonarii,
1036 927 1252 997 Corniobnaca
1274 939 1302 998 ot
1328 931 1504 996 Ouranion-i
1526 953 1596 997 con-

353 1034 487 1100 termini.
523 1033 720 1102 Franconnm
754 1035 848 1100 accii:
881 1032 1062 1100 Dalmatiae
1101 1035 1229 1100 Obroati
1263 1057 1331 1101 acm
1365 1035 1442 1102 duce
1476 1033 1595 1120 Boinoa,

414 1137 598 1224 Dracanon
620 1136 780 1222 Mamaos·
801 1159 895 1206 socer.
918 1137 1093 1206 Ladielane
1119 1137 1288 1206 Obroatiae
1310 1141 1377 1205 dac
1399 1161 1428 1204 a.
1456 1139 1529 1204 821.

395 1261 489 1326 Anno
513 1259 587 1324 818.
615 1259 795 1341 Imperator
818 1261 871 1343 (ex
891 1257 957 1324 An·
1031 1261 1349 1330 Praetereealiaram
1361 1260 1592 1326 aderantmissi

354 1363 504 1440 decanos¹
538 1361 683 1449 civitate)
717 1383 776 1445 pcr
804 1363 956 1431 Ratuma-
987 1365 1164 1445 nationum,
1194 1363 1414 1432 Abotriturum
1443 1362 1594 1430 videlicet

352 1467 444 1552 gum'
459 1474 492 1536 et
507 1485 565 1551 por
579 1466 770 1534 Ambianos³
791 1473 825 1534 ct
847 1466 959 1534 Cama·
989 1475 1023 1534 at
1045 1469 1307 1535 Geduscauorum
1337 1475 1370 1534 et
1401 1467 1595 1536 Timotiano-

352 1569 955 1652 racum⁴Aquisgraniadbibernandum
986 1590 1072 1652 rum,
1097 1571 1150 1653 qui
1172 1571 1346 1656 Bulgarum
1369 1573 1519 1638 sotietate
1543 1589 1593 1638 ra-

353 1693 517 1753 rennnm,
548 1693 619 1740 cum
642 1673 880 1741 Heristallium³
902 1693 956 1740 ve·
987 1675 1071 1750 licta,
1088 1676 1203 1742 nostris
1219 1694 1255 1742 se
1271 1694 1373 1756 nuper
1384 1675 1593 1742 satiaverunt.

353 1779 471 1857 nisset,
496 1777 605 1845 obvios
627 1777 741 1844 habuit
762 1777 886 1860 legatos
910 1777 944 1843 Si
989 1776 1053 1843 Sed
1077 1784 1110 1844 et
1131 1773 1282 1844 Lintoviti
1307 1778 1439 1845 rectoris
1461 1777 1592 1844 inferio-

352 1882 464 1964 genis,
515 1880 605 1946 ducis
650 1879 954 1960 Beneventanomm,
985 1882 1030 1946 ris
1068 1883 1250 1949 Pannoniae
1295 1882 1412 1948 ibidem
1456 1881 1591 1948 aderaut

353 1987 438 2052 dona
460 1975 651 2059 dbfercntes
675 2001 810 2065 cumque
826 1984 867 2050 de
882 2003 960 2050 nece
993 1984 1100 2065 missi,
1138 1990 1325 2051 accusantes
1364 1983 1518 2051 (ladalum
1552 2019 1596 2030 -

352 2088 529 2154 Grimoaldi
545 2088 643 2170 docio,
667 2087 879 2154 antecessoris
896 2087 955 2171 sui,
985 2087 1077 2166 lalso,
1101 2095 1138 2152 ut
1159 2093 1233 2169 post
1253 2089 1359 2170 patuit
1380 2124 1424 2135 -
1446 2107 1484 2153 eo
1507 2086 1595 2169 quod

353 2195 550 2258 excusantes.
577 2191 680 2256 Erant
701 2191 745 2257 ibi
769 2196 803 2256 ct
825 2190 958 2256 aliarum
989 2191 1159 2258 inmanitas
1188 2192 1273 2257 illius
1301 2191 1511 2273 importabilis
1533 2189 1594 2256 sibi

352 2295 518 2362 nationum
554 2294 675 2379 legati,
714 2292 960 2361 Abodritomm⁶
989 2293 1083 2361 leret.
1113 2294 1234 2372 Quibus
1257 2295 1390 2378 auditis,
1420 2295 1594 2375 conpositis

352 2399 501 2464 videlicet
537 2415 575 2463 ac
607 2397 734 2465 Bornae
768 2398 857 2464 ducis
893 2397 958 2463 Gu—
989 2416 1026 2464 ac
1062 2398 1217 2482 dimissis,
1256 2400 1289 2464 in
1326 2399 1438 2466 codem
1474 2396 1594 2480 palatio

351 2501 591 2576 duscanorum‚⁷
612 2506 647 2566 et
668 2501 952 2581 Timociauorum,⁸
982 2501 1191 2586 (Hemistalii)
1214 2503 1387 2585 imperator
1414 2501 1591 2568 secuudum

352 2608 406 2689 qui
427 2623 529 2688 nuper
544 2625 565 2671 a
578 2604 791 2688 Bulgarcrum
806 2605 961 2674 societate
991 2625 1081 2674 suam
1113 2607 1351 2690 dispositionem
1381 2606 1422 2672 ad
1451 2605 1594 2672 hieman-

352 2711 552 2776 desciverant
574 2716 609 2775 et
629 2707 671 2774 ad
686 2716 811 2776 nostros
826 2707 906 2774 fines
922 2729 958 2775 sc
987 2711 1062 2774 dum
1085 2729 1121 2776 se
1142 2710 1284 2777 contulit.

353 2813 570 2896 contulerant,
602 2812 695 2878 simul
726 2819 760 2878 et
789 2812 958 2896 Liudcviti,
1077 2833 1148 2893 vit,
1178 2833 1343 2894 ffiudowiei
1373 2834 1443 2909 imp,
1482 2849 1509 2892 ρ,
1541 2835 1593 2895 31.

351 2916 441 2983 ducis
472 2916 655 2983 Pannoniae
685 2915 872 2996 inferioris‚⁹
901 2917 956 2998 qui
1028 2920 1116 2979 Perta
1132 2920 1171 2997 11,
1189 2922 1262 2979 624.
1278 2921 1325 2978 Ex
1339 2918 1482 2979 Einhardi
1498 2935 1588 2978 anaa-

352 3038 404 3087 ras
427 3039 526 3087 novas
548 3021 691 3100 moliens,
715 3017 889 3086 cadolaum
905 3036 956 3087 co·
1030 3005 1107 3065 libus
1122 3010 1305 3081 meritum·

352 3125 460 3190 mitem
499 3129 532 3190 et
569 3142 695 3190 marcae
728 3121 956 3190 Foroiuliensis

354 3227 560 3309 praelectum,
578 3227 776 3293 crudelitatis
793 3233 890 3306 atquc
905 3226 1093 3293 insolentiae
1109 3244 1259 3293 accusare
1271 3229 1455 3294 conabatur.
1472 3225 1595 3304 Quibus

293 3413 297 3420 ι
351 3331 396 3398 ibi
427 3331 544 3398 auditis
575 3337 672 3412 atquc
704 3329 858 3414 dimissis,
893 3331 1069 3412 imperator
1097 3330 1290 3414 Aquisgrani
1320 3332 1361 3396 ad
1391 3331 1593 3396 hiemandum

350 3435 514 3517 proiectus
537 3439 596 3500 est.
623 3515 626 3522 ‚

436 3575 580 3635 liinbardi
595 3577 726 3636 annales.
746 3575 850 3635 Perta:
866 3577 944 3636 Mon.
962 3574 1062 3636 Germ.
1079 3575 1186 3652 Script.
1203 3576 1227 3648 l,
1244 3577 1317 3637 205.

389 3711 397 3743 ¹
415 3708 557 3778 Andagavi
575 3728 611 3758 =
627 3710 742 3779 Annene.
799 3709 809 3740 ¹
827 3707 1025 3778 Rothomagum
1042 3733 1077 3759 τ
1096 3709 1198 3765 Rauen.
1254 3709 1265 3742 ³
1282 3709 1410 3764 Ambiani
1423 3729 1458 3756 =
1470 3708 1593 3766 Amicus.

352 3797 361 3826 ⁴
382 3796 566 3855 Camaracum.
639 3796 649 3827 ⁵
667 3795 865 3864 Haristallium,
883 3795 1035 3852 Haristallc
1048 3796 1120 3851 inira
1131 3795 1262 3851 Lccdium
1274 3795 1420 3866 (Ldttich).
1493 3795 1503 3827 ⁶
1522 3794 1595 3865 Quo-

349 3898 409 3939 rum
435 3889 514 3951 ,μω
535 3881 667 3938 saeuam
693 3882 848 3952 (Slavomir)
875 3881 1020 3938 adducitur
1043 3883 1078 3938 ad
1102 3897 1127 3938 a
1145 3885 1205 3951 817,
1229 3884 1290 3952 819,
1314 3885 1373 3944 eol.
1398 3881 1463 3938 ibid.
1487 3899 1514 3951 p.
1533 3885 1595 3954 204,

349 3971 410 4038 205,
429 3971 488 4024 208.
516 3969 696 4038 Intelligenda
722 3985 785 4024 vcro
810 3975 852 4024 eet
876 3968 979 4024 slavica
1003 3985 1070 4038 geue
1088 3969 1291 4037 Rodriciorum,
1318 3985 1389 4038 quae
1406 3977 1484 4024 trans
1501 3968 1596 4025 Albim

350 4055 465 4124 degebat
483 4055 517 4111 ad
535 4056 647 4110 limitem
666 4056 823 4110 saxonicum
841 4062 869 4110 et
887 4056 976 4110 sinum
996 4056 1220 4124 ,sclavanicnm“.
1293 4057 1303 4086 ⁷
1320 4055 1374 4110 Hic
1385 4055 1437 4112 loci
1449 4057 1593 4126 interpun-

344 4141 462 4211 gendum
472 4157 530 4198 aesc
546 4147 682 4211 putamus.
701 4141 857 4196 Einhardus
870 4142 979 4210 quidem
992 4142 1114 4211 appellat
1133 4140 1244 4208 ,ducem
1256 4141 1430 4198 Dalmaciac“
1449 4145 1484 4212 (v.
1498 4141 1594 4210 inira),

347 4229 481 4295 Bonnam,
501 4228 575 4282 velut
593 4229 676 4284 etiam
695 4243 845 4298 anonymus
863 4228 935 4283 vitae
952 4227 1096 4283 Hludovici
1114 4229 1246 4298 scriptor3
1273 4228 1321 4284 scd
1343 4228 1494 4284 cumidem
1516 4227 1596 4284 illum

351 4315 434 4370 etiam
459 4314 640 4383 ,Liburniaa“
661 4314 756 4372 ducem
773 4313 860 4382 dicat,
888 4331 1002 4385 cumque
1026 4315 1182 4372 Gudueconi
1210 4315 1317 4372 Bornae
1345 4332 1439 4372 revera
1457 4321 1597 4386 puerant,

351 4408 459 4471 potarat
477 4401 546 4457 idem
565 4401 725 4458 Einhardus
737 4402 853 4458 Bonnam
867 4403 949 4457 etiam
964 4403 1073 4472 ,ducem
1086 4401 1325 4458 Guduscanomm“
1339 4402 1488 4472 appellare.
1507 4401 1596 4470 Quam

352 4489 387 4544 ob
408 4503 518 4544 causam
537 4489 654 4557 scriptor
672 4489 745 4543 hauc
763 4489 872 4543 titulum
892 4489 999 4544 Bornac
1017 4489 1093 4544 hicce
1111 4489 1176 4544 dara
1194 4489 1330 4558 maluerit,
1348 4489 1483 4559 suspicari
1500 4488 1596 4544 licata

353 4574 414 4630 loco
439 4573 556 4630 identico
582 4575 669 4643 „vitoe
692 4574 861 4644 Hlndovici“,
886 4575 933 4629 ubi
959 4575 1211 4644 ,Geduscauorum“
1237 4583 1343 4632 tautum
1361 4576 1461 4646 legatio
1478 4591 1596 4631 comme·

352 4666 482 4728 moratur,
501 4661 627 4716 ammisso
645 4660 722 4716 ducis
736 4661 852 4718 nomine.
871 4661 948 4718 Unde
961 4662 1167 4733 supponendum
1185 4669 1236 4730 cet,
1254 4662 1388 4718 cBernae
1400 4669 1475 4718 terra
1487 4661 1594 4719 (ludus-
