3602 5304
927 556 1058 680 126.

371 681 431 743 lirrr
448 701 467 744 a
483 683 593 746 su-o,

373 836 514 904 Ioannes
532 860 620 924 papa
652 837 740 904 VIII
757 841 837 905 clero
860 849 887 904 et
913 839 1020 906 ordiuc'
1047 841 1223 906 salonitano
1254 837 1427 924 significat,
1450 859 1481 902 ee
1498 858 1612 922 prees-

374 943 490 1028 bytcris
513 953 645 1030 ternpore
668 943 792 1012 Nicolor'
807 945 1107 1012 Ieacoromuuicatis
1132 944 1283 1010 manullo
1300 945 1503 1028 poeniteutiae
1517 962 1612 1028 opera

896 1071 1089 1118 commui-sse.

421 1187 513 1258 Olero
535 1195 566 1258 et
598 1191 698 1257 ordini
729 1191 915 1260 salonitano.
948 1191 997 1258 De
1026 1192 1089 1257 illis
1120 1191 1353 1274 praesbyteris,
1384 1190 1437 1272 qui
1467 1193 1612 1272 ternpore

375 1296 561 1363 sanctissimi
584 1298 837 1379 praedecessoris
852 1299 950 1365 nostri
963 1299 1078 1364 domini
1094 1315 1196 1380 papae
1212 1297 1335 1364 Nicolai
1352 1295 1611 1363 excommunicati

377 1419 500 1468 sacrum
516 1401 722 1468 ministerium
738 1403 921 1486 contingere
935 1408 1200 1484 presumpserunt,
1216 1401 1277 1484 ipsi
1293 1403 1325 1467 in
1336 1419 1372 1468 se
1389 1401 1610 1482 damnationis,

376 1507 458 1572 sicut
479 1507 560 1572 sacri
583 1525 721 1574 canones
750 1513 937 1586 statuerunt,
962 1508 1149 1574 sententiam
1176 1507 1358 1573 intulemnt.
1388 1505 1506 1573 Tamen
1536 1507 1612 1589 quia

376 1611 536 1678 miseratio
560 1612 732 1695 apostolica
755 1614 877 1679 veniam
899 1612 981 1678 solet
1003 1617 1167 1694 praestare
1190 1611 1413 1690 correctis-ob
1436 1595 1612 1678 multitudi-

377 1735 449 1781 nem
480 1717 712 1784 misericordiae
742 1717 804 1782 illis
833 1717 914 1782 hanc
942 1717 1170 1798 indulgentiam
1200 1716 1401 1795 exhibemus,
1423 1722 1472 1796 ut,
1502 1721 1614 1782 sancta

380 1823 596 1888 communione
612 1823 736 1906 signati,
762 1823 911 1888 studeant
921 1822 1022 1888 tribus
1034 1821 1190 1886 continuis
1206 1820 1296 1886 anule
1308 1839 1366 1903 per
1377 1819 1611 1888 hebdomadam

378 1927 461 1993 omni
484 1927 623 1993 secunda
652 1934 686 1993 et
715 1933 828 2010 quarta
858 1933 1003 1994 etsexta
1033 1926 1113 1992 feria
1135 1945 1156 1992 a
1176 1926 1247 1991 vino
1271 1931 1304 1991 et
1326 1945 1345 1992 a
1369 1943 1463 1992 came
1484 1926 1612 2009 penitus

378 2032 526 2110 ieiunare,
549 2039 583 2096 ot
604 2033 689 2098 ultra
711 2033 848 2114 lugenda
870 2049 1067 2112 nequaquam
1090 2031 1294 2098 committere.

462 2157 561 2216 lvonis
577 2158 654 2218 deor.
672 2159 751 2219 XIV.
768 2177 794 2217 o.
811 2159 861 2218 35.
879 2157 1011 2218 Gratiani
1024 2157 1103 2216 decr.
1117 2157 1149 2214 P.
1163 2157 1201 2216 II.
1215 2155 1247 2217 G.
1260 2156 1313 2216 xl.
1327 2160 1441 2231 quaest.
1455 2159 1484 2216 3.
1497 2173 1523 2216 e.
1539 2159 1611 2219 109.

419 2244 507 2319 Oorp.
524 2246 578 2304 iar.
595 2264 660 2306 can.
677 2246 723 2305 ad.
741 2245 861 2304 Richter
878 2246 935 2304 vol.
953 2245 975 2316 I,
993 2262 1022 2318 p.
1040 2245 1113 2303 578.
1128 2243 1240 2304 nansi:
1257 2261 1338 2306 conc.
1356 2244 1411 2302 ool.
1424 2243 1520 2320 XVII,
1537 2245 1612 2305 225.

419 2331 513 2390 dalle:
529 2337 649 2408 regesta
664 2351 737 2392 rom.
755 2337 833 2407 pont.
850 2350 895 2391 nr.
913 2333 1006 2390 2252.

462 2419 496 2476 In
511 2419 633 2478 loannis
656 2420 727 2479 VIII
750 2421 875 2494 registro
891 2417 971 2494 apud
993 2417 1088 2477 Mansi
1110 2419 1165 2478 loc.
1192 2417 1239 2476 cit.
1257 2414 1357 2497 (epist.
1375 2414 1451 2494 311)
1467 2419 1497 2478 at
1511 2415 1613 2476 lvonis

421 2505 500 2564 door.
518 2506 571 2565 loc.
591 2507 638 2566 cit.
655 2506 729 2566 haec
744 2506 861 2582 quidem
878 2505 1002 2582 epistola
1020 2505 1117 2586 „clero
1129 2507 1160 2564 et
1171 2502 1265 2564 ordini
1280 2501 1549 2565 salernitauo¹¹
1567 2503 1613 2563 in-

420 2593 573 2672 scribitur3
597 2594 741 2668 sedeam,
765 2593 866 2652 habita
887 2593 1000 2653 ratione
1023 2591 1214 2668 epistolarum
1237 2591 1367 2652 eiusdem
1389 2589 1564 2672 pontilicis(
1602 2633 1611 2650 .

423 2680 571 2761 144-5),
596 2697 670 2757 quas
692 2681 750 2740 iam
766 2680 950 2752 adduximus,
966 2678 1040 2739 haec
1056 2695 1173 2755 quoque
1188 2679 1314 2755 epistola
1338 2679 1426 2739 etiam
1442 2681 1544 2739 nostro
1564 2695 1613 2739 sa·

417 2765 546 2826 lonitano
562 2769 640 2828 oloro
655 2769 750 2844 potuit
765 2767 860 2844 dirigi,
877 2784 942 2827 eam
957 2766 1038 2826 hicce
1053 2767 1109 2826 loci
1124 2765 1273 2827 addacem
1288 2766 1408 2842 placuit.

463 2853 532 3002 lug
546 2873 617 2915 vero
635 2855 709 2916 haec
726 2855 851 2932 epistola
866 2855 982 2914 omuino
997 2854 1099 2931 primis
1115 2851 1300 2930 pontificatus
1310 2851 1433 2913 Ioannis
1444 2851 1516 2914 VIII
1527 2851 1614 2912 anuis

420 2959 497 3018 semp
531 2986 539 3000 .

932 3235 1063 3308 1217.

375 3339 434 3402 diros
449 3359 468 3401 a
484 3341 529 3401 tlt.

376 3475 465 3561 Papa
489 3475 663 3562 Stephanus
691 3476 742 3543 VI
764 3475 983 3564 Theodosium,
1009 3482 1181 3566 episcopum
1202 3497 1376 3561 noman,
1402 3475 1613 3563 reprehendet,

375 3581 457 3668 quod
479 3582 602 3646 duobus
631 3584 724 3647 simut
745 3587 869 3668 eponae
898 3585 1012 3650 nubere
1030 3593 1149 3671 gentem
1177 3603 1268 3649 emm
1290 3583 1405 3648 doceat.
1435 3579 1550 3664 Monet,
1577 3591 1615 3650 ut

584 3696 736 3773 potestate
757 3691 844 3753 intra
865 3709 1016 3755 canonum
1038 3691 1149 3756 ltmr'tes
1171 3697 1327 3756 contentus
1348 3689 1398 3754 sit.

422 3809 602 3877 Theodosio
625 3812 781 3893 episeopo.
805 3811 995 3895 Nunquidne
1010 3813 1134 3880 duabus
1152 3811 1244 3878 simul
1260 3810 1384 3894 sponsis
1398 3809 1519 3877 nubere
1539 3810 1615 3876 har·

377 3915 516 3982 barioam
538 3921 665 3997 gentem
687 3915 841 3982 instruis?
856 3907 1059 4000 'Nunquidne
1087 3922 1319 3984 sacramentum
1341 3915 1495 3985 ecclesiae
1516 3933 1615 4000 expo-

375 4025 503 4086 nentem
526 4020 703 4102 apostolum
726 4039 789 4088 non
811 4022 933 4105 legisti:
957 4029 1051 4090 emnt
1074 4024 1136 4088 duo
1152 4023 1184 4088 iu
1200 4041 1294 4089 carne
1316 4019 1402 4087 una?
1423 4037 1464 4087 an
1479 4019 1615 4088 lorsItan

375 4125 422 4191 tui
443 4125 567 4192 codices
589 4125 670 4193 lalso
694 4133 759 4194 tres
782 4127 813 4192 in
837 4145 931 4194 carne
960 4147 1024 4194 ona
1055 4127 1221 4194 asserunt?
1252 4125 1371 4194 Desine
1398 4125 1460 4192 iam
1483 4125 1542 4191 tali
1563 4131 1615 4193 ta-

377 4231 508 4296 bescere
529 4231 674 4313 ignavia;
705 4237 739 4298 et
764 4233 849 4300 disce
879 4233 1020 4316 paternis
1050 4232 1178 4299 obedire
1209 4230 1342 4316 regulis,
1373 4249 1414 4298 ne
1443 4229 1617 4299 inveniaris

378 4340 515 4402 statutos
547 4354 566 4400 a
595 4336 739 4418 patribus
769 4339 921 4406 terminos
950 4337 1146 4421 transgredi,
1177 4336 1226 4404 vel
1254 4355 1313 4420 per
1341 4334 1542 4403 ambitionem
1573 4336 1618 4403 de

379 4441 490 4508 maiori
513 4442 553 4506 ad
576 4443 725 4508 maiorem
757 4443 891 4510 transire
921 4442 1094 4524 ecclesiam,
1118 4440 1204 4524 quod
1224 4445 1399 4509 tentantem
1421 4439 1502 4506 laica
1517 4439 1616 4508 etiarn

379 4546 594 4614 communione
616 4547 696 4614 sacri
720 4547 846 4630 privant
867 4565 1011 4615 canones.

465 4671 565 4734 lvonIs
583 4672 662 4737 decr.
679 4674 752 4733 VIII
767 4691 793 4734 c.
811 4675 861 4736 59.
878 4673 970 4735 latio:
986 4678 1106 4752 regesta
1120 4677 1200 4751 pont.
1217 4691 1292 4734 rom.
1307 4691 1352 4737 nr.
1370 4673 1463 4734 2558.
