3572 5276
1427 375 1491 438 405

254 581 328 644 dara
361 587 400 654 εἰς
429 573 486 650 τὴν
519 578 605 666 ξηρὰν
637 589 693 642 τοῦ
726 578 861 665 θέματος
891 578 1012 645 Sclsvis
1036 579 1206 660 praedictis
1226 584 1338 658 captae
1354 577 1490 654 fueraut,

248 687 297 748 καὶ
318 683 512 772 κρατηθέντα
527 683 608 770 παρὰ
623 693 683 746 τῶν
704 684 857 770 εἰρημένων
888 685 1035 749 desertae
1065 689 1140 747 suut
1170 689 1203 746 et
1231 683 1350 747 incolas
1385 679 1489 746 nullos

249 786 395 871 Σκλοίβων
417 789 546 858 ἀοίκητα
569 790 619 850 καὶ
641 792 735 875 ἔρημα
755 788 856 850 ἵσταν·
886 787 1014 853 habent.

248 915 307 974 παι,
332 881 454 978 μηδενὸς
475 900 684 964 κατοικοῦντος
699 891 728 954 ἐν
743 893 853 963 αὐτοις.

330 1016 404 1077 ibid.
422 1034 447 1078 c.
465 1019 516 1088 29,
534 1035 562 1094 p.
583 1019 654 1090 128,
675 1015 1019 1077 136-14οεᾱ.Βοιιιι.

330 1103 418 1178 Apud
441 1105 567 1163 eundem
589 1107 738 1163 auctorem
761 1110 792 1162 lu
815 1119 906 1178 opere
929 1102 967 1164 de
982 1103 1174 1162 caeremoniis
1200 1103 1287 1162 aulae
1309 1101 1487 1178 byzuntinae

289 1191 340 1252 lib.
356 1191 396 1268 ll,
413 1209 438 1250 c.
455 1192 496 1251 52
513 1187 556 1270 (p.
575 1192 636 1250 728
653 1191 700 1250 ed.
717 1186 836 1269 Boon),
853 1190 882 1248 iu
898 1205 958 1264 quo
977 1189 1076 1264 agitur
1093 1188 1151 1268 „de
1166 1189 1419 1264 praesensionibus
1440 1189 1484 1248 di-

288 1271 450 1352 guttatam
470 1278 604 1355 imperii,
631 1277 706 1336 iuter
729 1277 920 1348 proconsules
948 1281 978 1336 et
1003 1276 1143 1350 patricios
1165 1279 1314 1350 strategos
1329 1274 1485 1336 adducitur

288 1380 404 1438 quoque
430 1363 465 1444 ,d
487 1358 662 1433 ἀνθύπατος
684 1359 833 1447 πατρίκιος
853 1359 904 1421 καὶ
918 1358 1083 1445 στρατηγὸς
1098 1357 1305 1446 Δαλματίαςίί.
1326 1362 1402 1421 Dein
1418 1361 1485 1422 eod.

288 1450 339 1510 lib.
355 1449 395 1526 II,
412 1468 438 1512 c.
456 1451 498 1510 50
514 1445 558 1532 (p.
573 1447 724 1530 see-7),
744 1449 792 1509 ubi
809 1448 966 1508 adducitur
984 1450 1104 1530 „tabula
1120 1466 1269 1526 rogerum,
1286 1465 1361 1524 quas
1376 1448 1406 1506 vi
1421 1449 1485 1525 typi

288 1542 339 1595 ant
360 1535 504 1597 formulae
521 1537 723 1612 praescriptae
739 1541 828 1610 atque
844 1539 983 1610 receptae
999 1534 1185 1610 accipiebant
1199 1535 1322 1608 strategi
1338 1541 1368 1594 ct
1383 1535 1484 1594 clisur·

287 1623 396 1682 archae
412 1629 545 1698 tempore
559 1623 669 1683 Leonis
684 1622 792 1682 domiui
809 1621 956 1682 Christum
972 1622 1098 1681 amantis
1114 1615 1345 1702 (886-912)‘‚
1362 1621 1484 1681 subuec-

288 1709 375 1768 litur:
406 1709 553 1786 ,Strategi
579 1708 740 1769 occidentis
763 1726 821 1769 uon
836 1709 1022 1783 accipiebant
1037 1725 1142 1783 rogas,
1171 1707 1241 1783 quia
1256 1707 1485 1768 consuetudines

287 1813 361 1854 unua
384 1813 484 1855 eorum
508 1795 635 1872 quisque
657 1813 726 1855 suas
750 1791 901 1855 aunuatim
924 1812 940 1854 e
963 1811 1017 1854 suo
1040 1793 1169 1854 themate
1189 1793 1306 1854 ferebat
1322 1841 1328 1854 .
1346 1841 1380 1854 ..
1411 1793 1485 1852 Sunt

288 1889 386 1942 autem
402 1882 444 1942 illi
460 1887 634 1957 sequentes:
651 1887 799 1958 strategus
816 1880 1009 1958 Peloponesi,
1038 1884 1187 1956 strategus
1202 1880 1390 1956 Nicopoleoa,
1407 1886 1483 1940 stra·

287 1973 373 2043 tagus
388 1968 539 2043 Helladis,
567 1971 716 2041 strategus
732 1967 866 2044 Siciliae,
893 1971 1041 2043 strategus
1059 1966 1306 2045 Langobardiae,
1334 1968 1484 2041 strategus

287 2053 467 2128 Strymonis,
496 2059 646 2130 strategus
668 2053 859 2125 Keialeuiae,
887 2059 1036 2130 strategus
1060 2053 1307 2128 Thessalonicae,
1335 2057 1484 2127 strategus

286 2139 476 2220 Dyrrhachii,
499 2139 515 2199 ὁ
537 2145 703 2224 οτρατῆγος
726 2137 911 2222 Δαλματὶας,
936 2145 1085 2215 strategus
1101 2139 1268 2198 Oiarsonis.

329 2225 466 2287 Ceterum
489 2244 628 2287 romanas
649 2227 818 2287 Dalmatiae
841 2228 930 2286 urbes
953 2225 1096 2285 aBasilio
1122 2225 1299 2302 imperatore
1324 2223 1482 2285 chroatiae

286 2311 351 2373 duci
368 2313 508 2374 tributum
524 2313 654 2388 pendere
675 2314 770 2372 iussas
782 2312 873 2372 fuisse
885 2313 1063 2386 ,Dalmatiae
1075 2328 1147 2371 vero
1159 2317 1290 2386 stratego
1307 2305 1419 2393 »βραχύ
1431 2313 1479 2369 rt·

285 2399 470 2474 postmodum
487 2399 672 2474 pependisse,
690 2417 733 2460 ur.
755 2401 815 2458 184
833 2416 860 2474 p.
878 2401 940 2460 373
957 2399 1118 2486 retulimus.

783 2608 878 2666 ·3.

240 2739 405 2805 δίαοοναοι
423 2742 605 2825 provinciae
631 2741 796 2806 Clarentius
815 2742 986 2823 fiuitiruoa:
1014 2741 1269 2808 Neronianorum
1301 2748 1394 2828 rapio,
1418 2744 1481 2810 Zo-

193 2843 198 2854 “
512 2843 657 2927 chelonia,
685 2843 850 2929 Pericula,
875 2844 1004 2910 Diocles
1026 2853 1054 2910 cl
1077 2843 1206 2912 sarcita

285 2962 344 3028 Καὶ
375 2969 394 3034 ἡ
425 2963 477 3050 μὲν
508 2964 637 3052 εἰρηρένπ
673 2963 845 3052 Χρωβατία,
920 2967 964 3032 Et
986 2967 1113 3048 quidem
1131 2967 1293 3048 praedicta
1310 2967 1483 3036 Chrohatia

239 3068 321 3132 ἀλλὰ
343 3069 393 3132 καὶ
415 3072 441 3131 du
462 3071 557 3132 λοιποὶ
588 3067 756 3150 Σκλαβίνιοι
784 3062 845 3133 διά·
877 3089 947 3135 cum
979 3071 1111 3152 reliquis
1145 3070 1311 3139 Sclabiuiis
1342 3073 1389 3138 ita
1419 3074 1481 3140 sita

240 3193 350 3235 κεινται
383 3170 485 3245 οὕτως·
518 3177 537 3243 ἡ
567 3163 600 3236 δέ
634 3171 847 3244 Διιίκὶιηαί9
878 3181 941 3240 est:
981 3174 1192 3240 Ι)ίοοίοο39
1224 3191 1319 3256 porro
1353 3177 1480 3258 propin·

238 3274 394 3360 πλησιάζει
427 3275 496 3362 πρὸς
525 3275 566 3338 τὰ
596 3275 760 3339 καστέλλια
789 3287 843 3340 τοῦ
876 3296 939 3359 qua
954 3285 1005 3344 est
1016 3277 1182 3360 Dyrrachii
1194 3279 1318 3361 oppidis
1330 3279 1480 3366 Elisso⁴⁰,

240 3380 401 3468 Δυρραχίου
416 3379 506 3465 ’ἤγουν
521 3380 590 3465 πρὸς
605 3379 658 3442 τὸν
673 3377 847 3461 Ἐλισοόνίθ,
877 3382 1066 3465 Helcyui0⁴¹
1085 3389 1119 3449 et
1133 3382 1320 3463 Antibari⁴²,
1338 3386 1481 3452 extendi·

238 3485 289 3547 καὶ
318 3484 387 3571 πρὸς
416 3483 470 3546 τὸν
500 3480 680 3546 'Emtaooss
710 3487 760 3547 καὶ
791 3485 847 3555 τὴν
877 3493 992 3568 curque
1014 3487 1173 3552 Decatera
1196 3505 1306 3569 usque,
1330 3496 1482 3556 montana

238 3586 442 3674 Ἀντίβαρινίί,
467 3588 518 3648 καὶ
540 3591 658 3673 ἔρχεται
680 3587 764 3674 μέχρι
785 3597 846 3651 τῶν
876 3595 981 3654 autem
1012 3589 1155 3656 Serbliae
1185 3589 1317 3657 finitima
1347 3600 1429 3659 suut.
1452 3593 1481 3658 A

238 3690 422 3777 Δεκατὲρων,
446 3689 516 3777 προς
538 3689 580 3752 τὰ
601 3689 693 3777 ὀρεινὰ
716 3682 749 3753 δὲ
767 3693 845 3762 πλη·
875 3693 1041 3760 Decateris
1074 3711 1149 3760 vcro
1184 3694 1295 3776 incipit
1327 3693 1479 3762 Terbo·

238 3792 328 3879 σιάζει
349 3803 390 3878 τῇ
416 3790 551 3880 Σερβλίᾳ.
575 3793 636 3856 ἀπὸ
658 3784 697 3857 ht
712 3803 768 3858 τοῦ
794 3794 848 3858 κά·
878 3797 1005 3862 niac‘³
1020 3798 1216 3880 principatus
1233 3798 1429 3882 porrigitque
1445 3819 1480 3866 ss

237 3921 324 3986 στρου
346 3907 407 3960 τῶν
429 3897 602 3984 Δεκατέρων
621 3896 746 3985 ἄρχεται
763 3903 782 3970 ἠ
798 3901 844 3985 ἀρ-
876 3901 1028 3966 Rausium
1051 3920 1161 3983 usque,
1192 3909 1227 3967 at
1249 3921 1360 3968 versus
1390 3921 1479 3970 mou·

236 4003 342 4090 χοντία
364 3998 645 4088 Τερβοονίαςίί,
668 4004 719 4065 καὶ
737 4024 845 4089 παρεκ-
876 4011 951 4070 tana
982 4004 1124 4070 Serbliae
1147 4005 1279 4071 adiacet.
1310 4005 1478 4073 ARausio

235 4107 362 4170 τείνεται
391 4104 475 4192 μέχρι
503 4115 558 4169 τοῦ
579 4104 746 4186 Ῥαοοσίου,
777 4108 846 4193 πρὸς
876 4108 1258 4175 Zachlumorum⁴⁴
1283 4108 1479 4193 principatus

235 4201 269 4275 δὲ
298 4209 340 4273 τὰ
370 4208 462 4297 ὀρεινὰ
495 4213 589 4282 αὐτῆς
619 4209 774 4294 πλησιάζει
803 4221 844 4294 τῇ
873 4212 996 4277 initium
1020 4213 1132 4290 habet,
1157 4220 1191 4278 et
1215 4213 1415 4294 protenditur
1437 4215 1479 4280 ad

235 4313 370 4402 Σερβλίᾳ.
402 4313 463 4377 ἀπὸ
486 4303 519 4376 δὲ
541 4321 596 4376 τοῦ
618 4309 770 4376 Ῥαουπίου
793 4312 843 4399 ἄρ
874 4313 1341 4399 Orontiuu1⁴⁵flu1neuusque3
1358 4335 1478 4400 oraque

234 4440 332 4505 χειται
359 4421 378 4488 ἡ
408 4417 549 4504 ἀρχοντία
578 4425 639 4480 τῶν
670 4414 839 4503 Ζαχλού-
869 4419 1027 4486 maritima
1043 4420 1189 4505 Pagsuis,
1213 4427 1372 4496 montana,
1394 4439 1477 4503 quae

234 4522 345 4608 ριιονΗ
366 4523 417 4583 καὶ
438 4521 661 4601 παρεκτείνεται
683 4519 766 4606 pipat
788 4529 843 4583 τοῦ
873 4523 914 4587 ad
926 4525 1186 4608 septentrionem,
1199 4523 1377 4605 Chrobetis‚
1394 4542 1477 4606 quae

235 4621 420 4714 Ὀρονπίουω
441 4633 590 4710 ποταμοῦ,
619 4626 669 4688 καί
697 4623 767 4712 πρὸς
789 4623 841 4712 μὲν
869 4627 903 4692 in
936 4626 1062 4707 fronte,
1104 4625 1248 4695 Serbliae
1281 4628 1477 4697 contermina
