3602 5304
373 345 435 410 202

378 555 410 616 et
432 549 558 634 quoties
582 551 810 618 ordinationem
833 549 884 615 nel
909 548 1175 616 consecrationem
1188 547 1390 614 ecclesiarum
1402 547 1606 616 celebramus.

376 655 548 722 Hortamur
571 656 678 738 itaque
702 655 888 722 charitatem
912 659 1008 736 tuam,
1033 659 1068 720 ut
1083 673 1187 721 mores
1202 654 1287 721 uitae
1303 660 1376 720 tuae
1391 659 1480 720 tanto
1495 653 1607 720 honori

370 763 568 840 conueniant,
593 766 750 842 qnatenus
780 767 910 828 auctore
934 761 994 826 deo
1024 760 1173 842 exempHs
1203 759 1372 840 uerbisque
1401 760 1502 842 possis
1533 777 1606 828 esse

372 869 569 948 conspicuus.
593 867 668 932 Vita
690 867 786 948 igitur
809 871 865 932 tua
887 866 959 932 filiis
984 868 1046 932 tuis
1070 867 1111 932 sit
1134 867 1252 950 regula,
1275 871 1312 930 nt
1334 867 1361 931 si
1377 883 1439 946 qua
1454 863 1606 931 fortitudo

371 972 488 1038 inillis
512 971 768 1053 deprehenditur,
792 973 824 1036 in
848 973 887 1037 ea'
909 972 1073 1053 dirigatur.
1108 971 1171 1038 Cor
1193 989 1269 1054 ergo
1299 977 1387 1035 tuum
1409 989 1512 1053 neque
1534 986 1607 1052 pro-

372 1096 474 1162 spera,
500 1096 580 1160 quae
603 1078 808 1160 corporaliter
831 1077 882 1142 hic
903 1077 1117 1155 blandiuntur,
1141 1076 1313 1155 extollant;
1345 1094 1447 1158 neque
1470 1076 1607 1142 aduersa

373 1182 538 1264 deficiant;
560 1184 617 1250 sed
641 1183 793 1264 quidquid
813 1183 891 1250 illud
914 1183 1017 1263 luerit,
1042 1183 1169 1248 uirtutis
1190 1181 1327 1264 paritate
1351 1182 1503 1248 devincat.
1527 1180 1606 1246 Nul-

374 1287 438 1353 lum
461 1288 546 1370 apud
569 1295 601 1354 te
624 1287 726 1354 locum
748 1290 810 1367 ira,
842 1288 948 1353 odium
978 1287 1098 1354 nullum
1129 1287 1219 1354 furor
1241 1287 1432 1354 indiscretus
1453 1287 1606 1353 inueniat.

374 1392 490 1460 Sacrae
506 1393 733 1460 benedictionis
750 1393 888 1475 iustique
903 1393 1008 1458 iudicii
1024 1412 1103 1474 opus
1119 1393 1205 1458 nulla
1221 1392 1401 1459 uenalitatis
1417 1393 1607 1458 interuentio

372 1498 586 1565 commaculet.
611 1498 660 1565 Sit
682 1499 714 1562 in
735 1503 767 1564 te
791 1503 824 1564 et
846 1498 921 1564 boni
943 1499 1081 1580 pastoris
1098 1499 1240 1577 dulcedo,
1264 1497 1306 1564 sit
1322 1502 1355 1563 et
1370 1496 1482 1562 iudicis
1494 1515 1608 1563 seuera

372 1603 535 1682 districtio,
560 1622 656 1668 unum
680 1603 799 1670 scilicet
821 1603 906 1684 quod
930 1604 1092 1669 inocenter
1114 1603 1260 1668 uiuentes
1276 1601 1395 1677 foueat,
1419 1601 1504 1668 alind
1519 1601 1605 1683 qnod

372 1709 528 1790 inquietos
552 1729 571 1773 a
594 1709 751 1790 pronitate
775 1714 953 1790 compescat.
978 1707 1215 1774 Misericordem
1238 1715 1281 1786 te,
1304 1713 1402 1789 prout
1423 1708 1524 1773 uirtus
1547 1725 1605 1788 pa·

372 1813 477 1890 hiatur,
502 1813 692 1896 pauperibus
716 1814 843 1891 exhibe3
868 1815 1028 1896 oppressis
1052 1813 1194 1880 defensio
1218 1820 1275 1879 tua
1298 1813 1477 1891 subueniat,
1501 1813 1607 1896 oppri-

372 1920 593 2000 mentibusque
605 1921 750 1986 modesta
760 1921 841 1986 ratio
855 1920 1056 1986 contradicat.
1070 1919 1195 1985 Nullius
1207 1918 1318 1984 faciem
1332 1923 1441 1985 contra
1451 1917 1607 1983 iustitiam

372 2026 525 2108 excipias;
542 2023 661 2091 nullum
680 2031 883 2106 orraerentem
900 2027 969 2091 iuro
985 2027 1157 2108 despicias3
1181 2025 1325 2099 custodia
1340 2025 1372 2089 in
1387 2029 1421 2090 te
1436 2023 1607 2105 aequitatis

372 2129 522 2208 excellat,
555 2136 590 2196 ut
611 2147 670 2197 nec
698 2132 787 2196 diues
819 2135 962 2213 potentia
993 2152 1051 2196 sna
1074 2131 1192 2213 aliquid
1215 2130 1299 2212 apud
1330 2147 1388 2194 uos
1411 2133 1501 2194 extra
1523 2129 1607 2194 uiam

372 2236 507 2301 suadeat
530 2236 662 2302 rationis
686 2237 811 2313 audere,
836 2255 894 2301 nec
917 2255 1088 2318 pauperem
1119 2236 1158 2302 de
1188 2255 1222 2300 se
1245 2253 1304 2300 sua
1327 2233 1423 2298 iaciat
1445 2229 1606 2298 humilitas

371 2341 560 2422 desperare,
589 2348 744 2421 qnatenus
773 2342 833 2406 deo
863 2341 1034 2408 miserante
1065 2341 1137 2406 talis
1168 2339 1270 2422 possis
1301 2341 1452 2420 existere,
1483 2338 1607 2418 qualem

372 2463 463 2510 sacra
485 2445 578 2510 lectio
600 2447 754 2528 praecipit
778 2446 900 2511 dicens:
928 2449 1072 2528 „oportet
1094 2445 1276 2527 episcopum
1296 2442 1607 2525 irreprehensibilem

372 2552 475 2616 esse“.
500 2549 563 2615 Sed
586 2550 635 2615 his
659 2553 802 2618 omnibus
825 2551 872 2616 nti
896 2551 1066 2617 salubriter
1088 2551 1223 2634 potede,
1248 2551 1273 2615 si
1298 2549 1485 2615 charitatem
1507 2547 1607 2629 magi-

372 2660 470 2719 stram
493 2653 649 2734 habueris,
675 2673 767 2737 quam
792 2657 843 2736 qui
869 2663 995 2722 secutus
1018 2655 1123 2740 inerit,
1142 2659 1263 2721 arecto
1288 2653 1457 2736 aliquando
1481 2651 1608 2718 tramite

374 2777 435 2824 nen
458 2760 585 2825 recedit.
618 2761 712 2836 Eece,
737 2760 835 2827 irater
863 2761 1063 2841 charissime,
1094 2761 1177 2824 inter
1207 2760 1306 2824 multa
1335 2759 1413 2839 alia,
1443 2758 1506 2823 ista
1535 2761 1610 2823 sunt

372 2865 548 2942 sacerdotii,
571 2867 634 2929 ista
657 2872 730 2930 sunt
752 2866 840 2946 pallii
852 2871 1046 2950 ornamenta,
1070 2865 1193 2948 quaesi
1211 2864 1352 2930 studiose
1373 2863 1606 2942 obseruauem's,

371 2969 455 3050 quod
477 2968 556 3034 ioris
580 2969 740 3051 accepisse
753 2971 939 3050 ostenderis
963 2971 1048 3037 intus
1071 2970 1213 3036 habebis.
1245 2967 1331 3035 Crux
1361 2967 1456 3034 etiarn
1480 2972 1553 3034 ante
1575 2971 1609 3034 te

373 3073 454 3138 sient
475 3079 549 3138 onte
561 3074 823 3154 praedecessores
839 3080 913 3140 tuos
929 3094 987 3157 per
1001 3074 1210 3140 Dalmatiam⁶
1225 3079 1259 3139 et
1275 3071 1457 3140 Slauoniam
1473 3071 1609 3153 ubique⁷

371 3185 509 3261 geratur.
526 3179 838 3261 Archiepiscopatum
855 3197 980 3262 quoqne
997 3179 1150 3246 ecclesiae
1171 3185 1245 3245 tuae
1263 3179 1350 3243 iuxta
1365 3176 1499 3245 formam
1517 3193 1608 3242 sanc-

369 3289 473 3348 torum
496 3283 774 3365 praedecessorum
804 3292 947 3363 tuorum,
979 3305 998 3349 a
1029 3302 1162 3365 quorum
1192 3285 1381 3349 auctoritate
1410 3301 1475 3348 non
1505 3282 1606 3349 debes

369 3389 533 3466 aberrare,
558 3388 757 3455 concedimus
780 3393 813 3456 et
836 3389 1064 3455 confirmamus.
1097 3389 1213 3454 Sancta
1242 3387 1368 3454 trinitas
1397 3387 1500 3470 gratia
1529 3406 1608 3456 suae

370 3493 573 3575 protectionis
596 3492 826 3560 fraternitatem
848 3502 934 3560 tuam
958 3496 1138 3574 circumdet,
1162 3500 1258 3576 atone
1280 3495 1313 3558 in
1336 3492 1458 3560 timoris
1483 3487 1532 3560 sbi
1547 3511 1608 3560 uos

372 3598 456 3663 uiam
479 3598 605 3680 dirigat,
627 3605 664 3663 ut
687 3605 758 3682 post
780 3600 872 3664 huius
895 3603 980 3666 uitae
997 3600 1237 3666 amaritudinem
1259 3599 1300 3663 ad
1324 3604 1487 3664 aeternam
1505 3599 1609 3680 possis

370 3702 566 3784 dulcedinem
577 3705 753 3785 peruenire.
772 3703 859 3770 Bene
869 3705 982 3770 nalete.
1002 3704 1119 3770 Datum
1131 3705 1252 3770 Romae
1260 3727 1304 3768 xv
1313 3703 1467 3770 kalendas
1483 3704 1609 3785 aprilis,

370 3806 454 3889 (per)
466 3826 591 3873 manum
603 3808 688 3875 Petri
699 3809 874 3874 cancellarii
885 3810 951 3875 vice
962 3809 1078 3876 domini
1087 3809 1227 3877 Annonis
1238 3807 1423 3876 coloniensis
1433 3809 1611 3890 arclriepis·

369 3913 448 3994 copi,
471 3930 553 3977 atino
569 3937 611 3976 ιι.
628 3911 828 3996 pontificatus
852 3914 969 3981 domini
985 3915 1155 3981 Alexandri
1173 3933 1275 3996 papae
1295 3939 1329 3991 11,
1355 3913 1524 3980 indictione
1545 3915 1612 3978 κη’

456 4037 649 4112 Sigillum:
663 4037 794 4099 (lircnlns
806 4039 986 4115 quadrifidus
997 4041 1025 4099 in
1035 4040 1129 4100 forma
1139 4039 1233 4100 errrcin
1244 4057 1308 4099 cnm
1317 4039 1434 4099 nomine
1444 4038 1610 4100 Alexandri

412 4125 452 4195 ΙΙ,
469 4125 577 4184 circum
601 4125 681 4185 circa
704 4126 817 4187 habens
840 4129 1075 4204 inscriptionem:
1099 4126 1333 4187 exundavit*
1356 4127 1412 4186 bill
1436 4125 1540 4186 Deve
1563 4127 1608 4188 IN

412 4211 590 4272 VIRTVTE
606 4213 767 4272 BRACHII
783 4213 856 4274 SVI.

454 4299 614 4359 Batonius:
627 4299 733 4362 Annal.
755 4303 867 4362 eccla.
891 4301 1108 4362 meahare:
1126 4301 1213 4362 Cone.
1232 4301 1297 4363 coll.
1311 4300 1391 4378 XIX,
1409 4301 1481 4362 943.
1497 4299 1613 4362 Farlsti

413 4386 480 4458 VII,
506 4389 555 4446 17.
571 4387 644 4448 Cod.
661 4387 732 4463 dipl.
749 4387 831 4451 CSD.
849 4389 872 4466 I,
892 4391 961 4448 126.
978 4389 1072 4448 Jaffe:
1096 4389 1226 4465 Regesta
1242 4387 1343 4464 pontii.
1361 4405 1433 4449 rom.
1450 4405 1494 4449 nr.
1512 4389 1613 4450 3422.

456 4473 578 4534 Indictio
594 4475 651 4533 xri
667 4475 820 4536 manifesto
836 4477 912 4535 falsa
927 4479 980 4555 est,
998 4477 1107 4553 qnippe
1132 4493 1208 4552 qnae
1223 4476 1252 4534 in
1267 4475 1429 4536 Alexandri
1445 4475 1474 4534 11
1490 4474 1610 4550 pontifi-

413 4565 510 4620 catum
525 4563 641 4621 omnino
657 4580 714 4621 non
731 4563 873 4623 inciderit.
891 4561 1079 4624 Pontificatns
1094 4581 1187 4624 annus
1202 4567 1303 4623 sextus
1326 4566 1370 4622 est
1388 4564 1479 4623 1067.

457 4647 637 4724 Praoabyter
658 4650 796 4711 Diocleas
820 4644 957 4734 (regnum
979 4649 1133 4711 Slarorum
1154 4669 1179 4713 c.
1202 4650 1260 4710 XII
1275 4648 1321 4712 ed.
1337 4649 1365 4711 J.
1382 4647 1465 4710 laneii
1478 4645 1509 4727 'p.
1528 4647 1609 4731 289)
