3604 5276
378 381 439 444 272

377 575 525 665 διαλέκτῳ
547 582 751 671 ἑρμηνεύεται,
781 583 934 647 τουτέστιν
958 585 983 646 οἱ
1014 584 1046 648 id
1069 589 1119 648 cst
1140 589 1260 648 terrem
1288 584 1420 648 multem
1452 580 1619 664 possiden·

375 687 431 757 τήν
465 688 580 757 πολλὴν
610 689 708 774 γιίραν
737 687 926 774 κατέχοντα.
958 690 984 748 σί
1015 687 1090 752 1ου.ι
1125 685 1230 768 Atque
1260 687 1292 750 hi
1316 687 1375 769 ipsi
1400 685 1553 752 Chrobnti
1577 685 1619 750 erl

375 781 408 854 δὲ
431 795 516 854 αὐτοὶ
538 788 694 878 Χρωβάτσι
721 797 758 863 εἰς
786 791 839 852 τὰν
862 789 985 872 βασιλέα
1015 790 1228 856 Romanorum
1251 791 1475 872 imperatorem
1497 789 1620 854 Herac-

375 904 436 957 τῶν
458 891 610 980 Ῥωμαίων
632 891 799 981 Ἡράκλειον
813 895 982 981 ’.τρίσρυγες
1013 894 1087 958 linrn
1100 892 1317 976 confugerant,
1331 901 1501 975 antequam
1516 891 1621 957 Serbli

376 998 570 1086 παρεγένοντο
593 999 647 1085 πρὸ
678 1007 732 1061 τοῦ
755 999 822 1071 τοὺς
841 994 983 1084 Σέρβλους
1013 996 1230 1078 confugissent
1251 997 1293 1062 ed
1315 997 1450 1064 eundem
1480 998 1618 1077 impera·

378 1113 550 1188 προσφυγεῖν
584 1108 621 1175 εἰς
656 1103 708 1165 τὸν
738 1101 829 1164 αὐτὸν
863 1099 987 1183 βασιλέα
1016 1108 1116 1168 torem
1148 1100 1347 1178 Heraclium,
1381 1119 1444 1182 quo
1474 1105 1623 1180 tempore

376 1203 555 1292 Ἡράκλειον,
587 1207 668 1268 κατὰ
698 1205 750 1268 τὸν
778 1205 874 1292 καιρὸν
900 1204 931 1266 ὅν
960 1208 986 1266 σί
1015 1204 1140 1272 Aberes
1164 1206 1260 1270 armis
1283 1205 1357 1270 inde
1373 1205 1532 1269 Romanos
1556 1203 1621 1268 eie·

378 1311 504 1397 Ἀβιὶρεις
518 1309 742 1395 πολεμήσαντες
754 1310 805 1371 ἀπ’
817 1310 907 1371 ἐκεῖσε
918 1307 987 1380 τοὺς
1017 1315 1134 1384 cerent,
1158 1327 1237 1390 quos
1252 1307 1354 1374 Romo
1374 1307 1527 1372 adductos
1543 1305 1621 1372 Dio·

376 1411 541 1499 Ῥωμάνσυς
563 1404 765 1496 ἑναπεδίωξαν,
797 1410 844 1485 οὓς
867 1415 882 1474 ὁ
905 1413 986 1494 βασι·
1016 1411 1171 1478 cletiooos
1193 1412 1364 1494 imperator
1387 1411 1452 1476 illic
1473 1409 1620 1475 habitere

378 1516 444 1590 λειίς
462 1514 672 1589 Δισκλητιανός
693 1516 754 1578 ἀπὸ
773 1512 888 1602 Ῥώμης
910 1517 986 1603 ἀγα·
1016 1515 1152 1596 feceret,
1186 1516 1268 1582 unde
1291 1528 1324 1580 ec
1347 1515 1480 1582 Romani
1503 1531 1623 1578 nuncu-

376 1621 437 1708 γὼν
470 1622 561 1684 ἐκεῖσε
596 1620 815 1690 κατεσκήνωσε·
854 1609 898 1682 διὰ
930 1621 980 1681 καὶ
1012 1621 1192 1701 perisent,
1223 1620 1308 1701 quod
1331 1619 1432 1684 Roma
1454 1618 1618 1683 venientes

370 1723 520 1811 Ῥωμτίνοι
534 1723 709 1794 εκλιίθησαν
724 1713 772 1786 διὰ
787 1723 824 1786 τὰ
840 1719 984 1785 ἀτὸῬώ-
1015 1723 1108 1789 sedes
1135 1725 1319 1804 posuissent
1341 1721 1373 1786 in
1396 1721 1458 1787 illis
1480 1720 1618 1803 regioni·

373 1851 429 1917 μης
463 1829 613 1915 μετοίκους
647 1827 753 1899 αὐτοὺς
785 1825 924 1914 γενέσθαι
953 1827 982 1889 ὲν
1012 1828 1081 1904 bns,
1106 1845 1217 1910 nempe
1230 1825 1403 1892 Chrobetia
1427 1831 1460 1890 et
1483 1823 1620 1908 Serblio,
1718 1861 1724 1874 ·

377 1943 441 2005 ταῖς
464 1931 615 2004 coerceretur
625 1931 742 2018 χώραις,
766 1931 855 2018 ἤγουν
870 1939 925 2002 τῆς
939 1939 988 1992 νῦν
1017 1932 1064 1995 11ίί
1094 1949 1178 1996 nunc
1210 1935 1372 1996 vocentur.
1408 1929 1512 1994 Pulsis
1545 1945 1623 1993 vcro

378 2034 559 2122 καλουμένης
574 2031 751 2121 Χριυβατίας
771 2035 821 2096 καὶ
836 2030 985 2119 Σερβλίας.
1017 2034 1166 2100 Romame
1178 2034 1240 2100 illis
1251 2035 1292 2099 ab
1305 2033 1462 2099 Abaribus
1478 2039 1623 2111 tempore

379 2139 459 2226 παρὰ
481 2129 514 2202 δὲ
540 2147 601 2201 τῶν
624 2137 751 2225 Ἀβάρσιν
774 2127 987 2223 ἐκδιωχθέντες
1017 2137 1157 2204 eiusdem
1183 2138 1398 2203 Romanorum
1420 2134 1623 2218 imperatoris

378 2247 405 2306 οἱ
438 2245 523 2305 αὐτοὶ
554 2239 699 2328 Ῥωμανοι
720 2242 749 2304 ἐν
772 2252 836 2314 ταῖς
870 2239 986 2327 ἡμέραις
1016 2241 1173 2318 Heraclii,
1209 2241 1355 2306 desolate
1390 2259 1499 2306 eorum
1533 2238 1624 2321 regio

379 2357 435 2410 τοῦ
457 2350 550 2409 αυτοῦ
573 2344 715 2428 βασιλέως
730 2343 884 2433 Ῥωμαίων
900 2341 988 2432 Ἡρα·
1017 2346 1132 2423 ἰεουίί;
1170 2351 1366 2428 quopropter
1403 2345 1491 2410 iussu
1529 2343 1623 2408 huius

378 2452 485 2524 κλείου,
521 2453 551 2512 αί
573 2447 690 2512 τούτων
713 2453 812 2536 ἔρημοι
833 2449 988 2519 καθεστέ·
1019 2450 1220 2530 imperatorio
1243 2449 1336 2516 iidem
1353 2447 1504 2515 Chrobeti
1528 2447 1625 2512 ermis

377 2575 444 2618 κασι
465 2563 565 2641 χῶραι.
591 2555 741 2640 προστάξει
763 2544 882 2616 οὖντοῦ
902 2553 984 2634 βασι·
1017 2553 1152 2635 arreptis
1174 2552 1296 2619 Abares
1319 2571 1356 2618 ex
1380 2551 1441 2617 illis
1468 2551 1547 2616 locis
1569 2568 1624 2615 cx-

378 2656 453 2730 λέως
474 2654 645 2743 Ἡρακλείου
676 2660 702 2719 σί
724 2658 808 2718 αὐτοὶ
833 2653 988 2742 Χρωβατοι
1018 2657 1182 2738 polemon,
1218 2662 1251 2722 et
1288 2657 1320 2719 in
1354 2657 1495 2736 ipsorum
1526 2659 1623 2731 terre,

379 2753 684 2848 καταπολεμήσαντες
694 2762 743 2822 καί
754 2760 815 2822 ἀπὸ
826 2768 886 2822 τῶν
898 2769 989 2822 εκεῖσε
1019 2777 1112 2840 quom
1136 2761 1231 2825 etiam
1255 2759 1349 2825 hodie
1372 2763 1498 2834 tenent,
1530 2755 1625 2822 sedes

378 2853 802 2952 τοὺςἈβιίρουςὲκδιώξαντες,
817 2861 988 2950 Ἡρακλείου
1019 2864 1222 2930 collocarunt.
1251 2864 1333 2928 Erat
1356 2869 1463 2928 autem
1485 2859 1625 2926 Chrobe-

379 2979 434 3032 τοῦ
464 2967 605 3051 βασιλέως
633 2967 819 3032 κελεύσειεν
848 2975 888 3051 τῇ
910 2971 989 3051 αὐτῇ
1019 2968 1060 3033 tis
1091 2968 1153 3034 illis
1185 2975 1260 3032 tunc
1291 2968 1444 3049 temporis
1476 2967 1625 3047 princeps

378 3081 439 3135 τῶν
456 3071 686 3159 Ἀβκὶρωνχώρα,
703 3077 740 3145 εἰς
762 3071 796 3142 ἥν
811 3081 860 3156 νῦν
871 3077 986 3145 οἰκοῦσι,
1018 3072 1142 3155 Pergae
1165 3077 1259 3153 pater
1275 3121 1282 3135 .
1300 3121 1307 3135 .
1325 3121 1332 3135 .
1351 3121 1357 3135 .

379 3176 618 3247 κατεσκιίμιιισανΙ
628 3173 706 3262 εἶχον
722 3166 755 3240 δὲ
768 3180 794 3238 οί
809 3177 894 3238 αὐτοὶ
906 3173 991 3261 Χρυ-

381 3281 465 3362 ίίαίτοι
495 3290 540 3362 τῷ
570 3279 643 3344 τότε
674 3289 762 3367 καιρῷ
781 3277 914 3368 ἄρχοντα
936 3277 988 3342 τὸν

379 3383 495 3470 πατέρα
517 3393 572 3446 τοῦ
594 3381 697 3471 Ποργά
710 3435 739 3449 ..
758 3433 785 3448 ..

422 3485 498 3550 “On
520 3491 538 3556 ἡ
562 3476 687 3558 τοιαύτη
710 3487 794 3574 χώρα
828 3493 865 3561 εἰς
895 3491 930 3558 ἣν
959 3489 986 3550 οί
1060 3486 1160 3566 Regio
1173 3489 1278 3550 eutem
1301 3483 1391 3562 hoec,
1420 3502 1514 3566 quom
1538 3483 1626 3550 inco-

384 3587 537 3676 Χρωβοίτοι
559 3589 831 3662 κατεσιηνώθησαν
854 3591 989 3678 ἑξάρχῆς
1019 3592 1147 3657 luerunt
1171 3588 1342 3666 Chrobati‚
1374 3589 1414 3654 ab
1445 3587 1534 3652 initio
1566 3588 1625 3652 sub

381 3693 438 3756 ὑπὸ
450 3694 505 3763 τήν
519 3695 645 3778 ἐξουσίαν
656 3687 691 3762 ἦν
707 3703 761 3756 τοῦ
777 3693 917 3775 βασιλέως
929 3705 989 3757 τῶν
1019 3701 1178 3776 potestate
1201 3700 1271 3760 erat
1293 3693 1507 3758 Rornanorum
1527 3691 1626 3774 impc-

380 3795 553 3884 Ῥωμαίων,
586 3797 618 3881 ἐξ
644 3791 678 3860 οὗ
707 3801 756 3860 καὶ
784 3799 919 3860 παλατια
941 3801 989 3862 καὶ
1020 3800 1154 3876 rotoris;
1177 3798 1262 3864 unde
1277 3797 1372 3862 etiarn
1389 3799 1421 3861 in
1436 3796 1627 3861 hodiernum

381 3891 557 3988 ῑπποδρόμια
571 3911 624 3964 τοῦ
633 3900 773 3982 βασιλέως
782 3901 993 3982 Διοκλητέανοῦ
1023 3920 1123 3983 usque
1146 3902 1229 3966 diem
1256 3901 1374 3982 palatia
1397 3919 1434 3964 ac
1456 3899 1628 3980 hippodro-

296 4033 299 4040 ·
381 4006 410 4065 ὲν
439 4015 479 4088 τῇ
509 4014 570 4066 τῶν
593 4009 691 4068 αὐτῶν
714 4003 884 4091 Χρωβατων
906 4001 989 4092 γώρα
1019 4025 1089 4072 mus
1106 4005 1297 4072 Diocletiani
1305 4005 1506 4086 imperatoris
1517 4021 1627 4084 super·

380 4107 463 4194 μέγρι
490 4118 545 4181 τῆς
575 4119 622 4171 νον
652 4109 858 4194 τερισσίζσνται
888 4115 924 4182 εἰς
954 4109 990 4172 τι)
1023 4115 1097 4176 sunt
1120 4111 1152 4174 in
1174 4111 1304 4190 regione
1327 4106 1571 4186 Chrobotorom‚
1595 4105 1629 4170 in

379 4215 503 4297 καστρσν
526 4209 686 4286 Σαλώνας,
717 4214 840 4283 πλησίον
862 4222 917 4277 τοῦ
938 4219 992 4276 κα·
1023 4215 1102 4280 urbe
1124 4211 1257 4292 Solone,
1293 4231 1374 4295 quoe
1405 4217 1456 4278 est
1485 4211 1631 4292 proximo

381 4338 467 4402 στρου
491 4315 699 4380 Ἀσπαλᾶθου.
1020 4318 1091 4384 urbi
1113 4316 1298 4398 Aspalatho.

475 4441 625 4500 Constant.
643 4441 784 4517 porphyr.
804 4443 840 4501 dc
856 4441 965 4501 nomin.
983 4443 1053 4518 imp.
1069 4459 1095 4501 c.
1113 4445 1164 4522 31,
1182 4459 1210 4518 p.
1231 4443 1409 4502 147-149,
1426 4439 1473 4500 ed.
1489 4439 1584 4498 Bono.

421 4559 429 4589 ¹
448 4545 555 4610 Sesorik
574 4557 640 4613 οἱον.
660 4562 761 4614 steron.
780 4574 807 4626 p.
826 4561 893 4612 685:
912 4557 967 4626 „Ze
986 4558 1066 4612 veech
1085 4558 1176 4612 techto
1194 4557 1279 4612 forem
1298 4559 1425 4626 ncjsterii
1444 4571 1461 4611 e
1479 4553 1629 4624 nejpovod-

385 4643 454 4710 ncjei
469 4643 526 4712 jcet
540 4643 581 4711 jo.
599 4659 626 4711 p.
646 4643 792 4698 Chrenotin
811 4660 864 4698 mo.
895 4661 921 4713 p.
946 4644 1087 4711 convoti,
1112 4643 1221 4714 pondeji
1251 4645 1400 4715 coronate,
1423 4663 1453 4704 se
1479 4641 1585 4710 slobym
1602 4659 1631 4698 ιι
