3604 5276
333 345 394 406 312

337 547 435 629 polim
458 548 523 626 ivit,
548 565 719 627 secumque
742 547 888 614 deferens
910 548 1132 615 Veneticorum
1162 549 1289 614 obsides
1313 555 1346 616 et
1369 528 1568 630 Christopho

336 669 405 714 rum
429 651 612 732 episcopum
637 659 670 717 ct
692 652 828 718 Felicem
851 651 1021 717 tribunum.

421 775 565 833 iohannis
581 774 681 834 chron.
700 777 798 836 venet.
815 776 902 834 Perta
918 777 1024 852 Script.
1044 777 1108 852 Vll,
1134 769 1181 834 1'4.
1206 775 1298 836 Andr.
1322 776 1452 835 Danduli
1475 777 1570 836 olrron.

376 859 423 920 ec.
441 861 488 920 ur.
505 861 573 938 un,
593 863 663 920 aar.

935 1105 981 1162 ll.

333 1204 357 1264 l.
372 1204 418 1266 ill.

453 1339 622 1404 Dalmatae
644 1319 838 1404 reducuntur
860 1340 915 1405 aab
939 1342 1101 1405 orientalia
1124 1343 1248 1426 imperii
1269 1343 1447 1433 domin-ium.

380 1476 499 1545 Classis
530 1479 570 1544 de
600 1477 875 1560 Constantinopoli
898 1479 997 1544 missa
1018 1479 1119 1560 primo
1142 1480 1351 1546 Dalmatiam1
1372 1478 1488 1545 deinde
1511 1477 1573 1544 Ve

337 1582 460 1648 ueoiam
477 1583 617 1666 appulit,
641 1600 775 1664 cumque
789 1583 835 1648 ibi
849 1582 1014 1663 hiemaret,
1038 1584 1198 1664 perseius
1214 1581 1424 1650 comiaclum²
1439 1582 1574 1648 insulam

338 1686 482 1765 accessit,
507 1686 738 1767 commissoque
761 1687 881 1767 proelio
906 1693 1016 1751 contra
1031 1686 1223 1768 praesidium
1246 1689 1330 1768 quod
1351 1686 1384 1750 in
1406 1703 1442 1752 aa
1469 1687 1575 1767 dispo·

339 1791 434 1855 situm
458 1794 545 1869 erat,
575 1788 775 1870 viotoatque
798 1789 909 1872 fugata
932 1789 1103 1855 Veneriam
1126 1791 1268 1856 recessit.
1298 1790 1369 1855 Dux
1393 1795 1500 1854 autem
1522 1789 1575 1870 qui

337 1893 433 1958 classi
463 1897 629 1976 praeerat,
661 1893 786 1959 nomine
816 1893 951 1973 Paulus,
986 1910 1056 1957 cum
1087 1893 1127 1960 de
1158 1911 1236 1974 pace
1265 1895 1349 1958 iuter
1376 1891 1519 1958 Francos
1543 1897 1577 1958 et

340 1995 479 2061 Graecos
502 1995 731 2073 constituenda,
764 1996 855 2077 quasi
879 1995 939 2060 sibi
962 1996 1021 2061 hoc
1045 2003 1132 2063 osset
1155 1996 1338 2076 iniunctum,
1362 1995 1447 2078 apud
1469 1995 1576 2076 Pippi·

340 2119 415 2165 num
437 2099 550 2164 Italiae
572 2118 681 2181 regem
697 2119 793 2182 agere
809 2099 982 2178 moliretur,
1006 2099 1207 2166 Willrareno³
1229 2107 1262 2166 et
1284 2099 1400 2200 Beato,¹
1423 2099 1578 2164 Venetiae

341 2204 482 2282 ducibus,
507 2223 615 2269 omues
639 2203 805 2270 inchoatus
828 2204 897 2268 eius
921 2204 1175 2284 impedientibus,
1207 2211 1303 2286 atque
1327 2203 1387 2286 ipsi
1411 2204 1506 2270 etiam
1529 2203 1576 2268 iu·

338 2307 435 2375 sidias
459 2307 654 2388 parantibus,
678 2306 804 2388 cognita
826 2307 953 2373 illorum
972 2306 1094 2388 fraude,
1119 2307 1276 2373 discessit.

423 2449 566 2508 Einhardi
582 2450 713 2508 annales.
731 2450 818 2509 Perta
833 2449 860 2527 1,
878 2451 948 2510 196.

377 2585 385 2618 ¹
404 2583 559 2649 Dalmatas,
585 2583 609 2637 si
627 2599 682 2638 nou
699 2583 753 2638 iam
772 2599 832 2638 cum
850 2582 963 2638 Venetis
981 2599 1006 2637 a.
1024 2584 1084 2650 807,
1108 2584 1161 2638 hac
1179 2587 1252 2638 certe
1270 2583 1411 2638 occasione
1429 2582 1464 2638 ad
1481 2582 1579 2638 Roma

338 2686 435 2725 uorum
454 2669 533 2722 fidem
553 2667 676 2738 rediisse,
695 2669 871 2725 deduoucitur
890 2684 905 2723 a
923 2670 1081 2725 narratione
1098 2671 1142 2724 nri
1161 2685 1217 2738 seq.
1315 2671 1325 2700 ²
1344 2667 1514 2738 Comacchio,
1532 2667 1579 2723 ubi

338 2761 399 2812 erat
416 2756 583 2810 Francorum
603 2754 778 2824 praesidium.
851 2755 1015 2812 'Wilhario
1034 2758 1052 2810 i.
1071 2772 1094 2810 a.
1108 2756 1242 2812 Obelerio.
1316 2755 1473 2810 *iohannis
1486 2741 1578 2810 cirron.

337 2847 425 2898 venet.
436 2841 477 2896 cd.
488 2842 534 2897 cit.
546 2859 573 2911 p.
586 2845 632 2898 14:
652 2840 930 2911 ,sarcasmorum
950 2843 996 2910 qui
1006 2858 1066 2898 oum
1079 2842 1175 2898 Niceta
1187 2841 1302 2912 patricio
1315 2840 1579 2911 Constantinopolim

339 2929 396 2996 ivit,
409 2929 437 2982 in
449 2928 736 2998 Venetiamrerersus,
749 2928 784 2983 ab
791 2928 955 2998 imperatore
961 2929 1065 2985 honora
1075 2929 1151 3000 ypati
1162 2907 1293 3006 (ὕπατος)
1303 2927 1498 2985 condecoratus
1512 2929 1580 2984 est“.

940 3193 989 3253 12.

338 3277 361 3337 l.
377 3277 419 3338 tlt.

345 3411 473 3496 Franci,
496 3411 632 3477 subiato
654 3413 714 3477 sibi
735 3414 848 3477 iterum
877 3412 1014 3498 Venetia,
1039 3413 1234 3478 Dalmatiam
1248 3433 1433 3497 recuperare
1447 3411 1581 3478 strident.

399 3513 574 3579 Pueriliter
599 3515 746 3580 Ocrolum
769 3524 797 3580 at
820 3515 1038 3602 Nicephorum,
1061 3537 1123 3603 qua
1145 3517 1216 3583 duic
1244 3516 1372 3581 Venetia
1393 3518 1522 3582 ceditur.

385 3654 514 3719 Interea
537 3652 689 3736 Pippinus
713 3673 778 3734 rex,
801 3653 937 3736 perfidia
959 3655 1073 3720 ducum
1090 3655 1312 3722 Veneticorum
1336 3653 1497 3732 incitatus,
1519 3653 1582 3720 Ve-

343 3758 464 3822 neciam
488 3757 571 3822 bello
595 3761 745 3838 terraque
769 3757 912 3839 marique
928 3759 1022 3824 iussit
1037 3773 1196 3840 appetere,
1222 3757 1429 3838 subiectaque
1444 3756 1584 3823 Veneoia

343 3877 381 3926 ao
405 3859 538 3925 ducibus
561 3861 630 3925 eius
653 3862 684 3924 in
708 3860 899 3928 deditionem
931 3862 1088 3944 acceptio,
1124 3861 1257 3926 eandem
1288 3861 1421 3926 classem
1444 3862 1485 3926 ad
1507 3861 1583 3926 Dal·

342 3964 463 4029 macine
478 3962 574 4028 litora
589 3965 744 4028 vastanda
759 3962 853 4029 misit.
879 3962 943 4029 Sed
960 3984 1030 4030 curn
1046 3965 1173 4046 Paulus,
1195 3964 1377 4031 cefalaniae
1393 3964 1582 4046 praelectus

342 4085 412 4132 cum
446 4067 592 4131 orientali
624 4066 726 4131 classe
757 4068 796 4133 ad
827 4069 977 4133 auxilium
1006 4068 1164 4133 Dalmatis
1195 4065 1361 4134 ferendum
1386 4067 1583 4143 adventaret,

343 4171 432 4250 regia
455 4169 564 4233 classis
587 4169 628 4233 ad
651 4171 782 4250 propria
804 4171 993 4252 regreditur.
1517 4159 1521 4164 ⁵

387 4270 451 4338 Sed
476 4271 550 4335 dum
575 4272 747 4352 imperator
767 4274 910 4354 (Karlus)
926 4275 958 4339 in
975 4281 1149 4341 memorato
1165 4275 1234 4339 loco
1255 4275 1357 4356 (iuxta
1373 4273 1584 4342 confluentem

344 4375 422 4452 eius,
446 4374 564 4440 Alaroe
579 4373 675 4456 fluvii,
700 4395 763 4457 quo
779 4377 927 4443 Wisurae
942 4376 1063 4444 flumini
1080 4376 1294 4462 coniungitur)
1309 4379 1426 4444 stativa
1441 4379 1584 4463 haberet,

343 4478 538 4545 diversarum
569 4497 674 4543 rerum
705 4480 806 4544 nuntii
837 4483 878 4546 ad
909 4501 980 4547 eurn
1010 4482 1196 4548 deferuntur
1214 4532 1245 4546 ..
1272 4482 1454 4564 (Pippinum
1485 4482 1586 4548 filium

344 4580 431 4665 eiua,
462 4601 570 4664 regem
601 4582 731 4661 Italiae,
766 4583 886 4652 81dus
908 4585 971 4650 Jul.
1003 4585 1044 4651 do
1074 4601 1208 4666 corpore
1237 4585 1409 4667 migrasse;
1442 4585 1588 4668 duasque
