3494 5410
725 561 849 635 106.

169 685 192 748 d.
207 704 228 746 a.
245 685 298 748 ltu.

171 819 258 888 Nota
280 821 392 888 delita
414 823 496 889 circa
513 824 715 908 piscatioraem
737 826 771 890 in
790 824 899 891 inserta
924 823 1032 909 Silopo
1054 825 1166 890 ilerum
1187 824 1353 909 compositu
1375 831 1403 889 et

373 929 558 994 montumano
579 949 605 994 a.
632 927 824 1014 Olarysoycui
844 927 984 994 Joderoe
1005 928 1197 994 adiudicata.

216 1083 373 1168 Tempore
403 1084 520 1151 domini
551 1083 674 1170 Megii‚¹
703 1085 877 1154 iaderensis
906 1087 1039 1170 prioris,
1074 1105 1132 1170 pro
1162 1085 1402 1154 necessitatibus

168 1189 306 1273 publicis
320 1188 448 1258 fuerunt
462 1191 591 1273 uenditq
606 1191 814 1274 piscationes:
836 1210 900 1258 una
915 1194 947 1257 in
962 1188 1089 1271 Melata,
1106 1191 1208 1259 altera
1222 1191 1255 1256 in
1270 1188 1403 1274 Silago'

168 1295 205 1360 in
226 1294 311 1362 ualle
333 1295 462 1361 rr'raioria
484 1297 584 1362 sancti
612 1295 749 1364 Victoris
772 1291 808 1363 bx
831 1302 922 1380 parte
944 1298 1070 1379 altana,
1102 1313 1163 1378 que
1184 1295 1362 1362 continetur
1385 1314 1404 1361 a

166 1400 250 1478 loco,
274 1400 329 1465 ubi
350 1399 514 1467 Mecarus⁴
540 1401 670 1480 dicitur,
703 1421 803 1484 usque
833 1402 873 1468 ad
904 1419 1011 1483 casas,
1042 1419 1105 1484 quq
1135 1419 1192 1484 sue
1222 1399 1404 1484 piscationis

168 1511 318 1587 quartam
340 1505 519 1588 portionem
541 1524 575 1572 se
598 1505 788 1574 habentibus
811 1507 887 1573 dare
910 1508 1073 1588 solebant,
1105 1525 1185 1588 quas
1212 1523 1288 1573 uero
1312 1505 1403 1590 (non)

164 1611 263 1692 pauci
278 1609 297 1676 J
300 1610 502 1676 aderensium
516 1611 638 1677 nobiles
653 1617 783 1694 propter
799 1617 944 1694 quartam
958 1613 1135 1694 portionem
1152 1617 1303 1678 emerant.
1327 1609 1405 1693 (Sed

166 1715 245 1796 quia
266 1714 299 1779 in
322 1715 422 1780 dicta⁵
445 1714 611 1799 divisione)
633 1715 765 1798 piscium
789 1717 961 1816 litigabant
975 1722 1009 1782 et
1024 1734 1058 1782 se
1075 1717 1210 1782 inuicem
1233 1715 1404 1798 s(c)inden·

167 1825 221 1886 tes
244 1825 277 1887 et
300 1818 448 1886 cedentes
470 1819 681 1900 lacerabant⁶
702 1823 790 1888 uenit
810 1821 873 1887 iam
896 1821 1015 1887 dictus'
1037 1820 1132 1906 prior,
1156 1821 1244 1886 cuius
1260 1820 1404 1901 superius

165 1925 204 1990 in
226 1924 288 1990 alio
301 1923 369 1990 loco
385 1925 576 1992 mentionem
591 1923 732 2006 fecimus,
756 1944 826 1992 cum
842 1925 887 1993 eis
903 1925 944 1992 ad
959 1925 1201 2005 monasterium3
1224 1931 1257 1993 et
1278 1925 1403 2006 timens,

166 2048 212 2095 ne
234 2029 266 2094 in
289 2029 380 2111 peius
401 2029 518 2112 malum
540 2030 721 2110 deueniret,
754 2036 902 2113 presente
925 2030 1069 2098 Trasone
1092 2030 1217 2116 abbate,
1250 2029 1326 2096 fecit
1348 2049 1403 2098 eos

168 2135 350 2218 portionem
373 2153 461 2200 suam
482 2135 615 2217 piscium
638 2133 754 2202 offerre
780 2153 885 2202 coram
913 2137 997 2201 omni
1019 2135 1136 2218 populo
1158 2134 1252 2202 beato
1277 2133 1407 2201 Chriso-

167 2240 273 2322 gono⁸
295 2239 424 2304 martiri.
448 2237 490 2305 ht
511 2238 558 2304 illi
580 2256 689 2306 omnes
719 2241 751 2305 in
780 2238 843 2305 hoc
864 2238 948 2305 iacto
976 2239 1064 2306 letati
1095 2245 1183 2325 sunt3
1215 2245 1249 2306 et
1277 2239 1404 2305 minime

167 2345 237 2410 iam
259 2343 434 2409 sentientes
455 2342 591 2426 litigium
613 2344 646 2408 in
667 2361 745 2426 pace
768 2342 977 2412 fraternitatis
993 2349 1187 2424 manserunt,
1211 2344 1404 2427 emptionem

168 2467 263 2514 suam
284 2447 415 2530 piscium
448 2448 523 2514 data
552 2466 642 2515 sacro
674 2449 790 2531 quippe
820 2450 958 2516 cenobio.
994 2451 1072 2516 Post
1100 2448 1269 2516 multorum
1300 2455 1404 2516 autem

172 2551 333 2619 curricula
354 2570 515 2639 annorum,
539 2552 666 2634 quando
689 2553 793 2619 omnia
813 2555 876 2620 iam
898 2554 1005 2621 diruta
1027 2553 1169 2640 fuerant,
1197 2569 1321 2636 queque
1342 2554 1404 2619 uti·

166 2657 219 2725 lia
241 2662 333 2725 erant
355 2662 389 2724 et
408 2675 574 2724 seruorum
596 2657 646 2723 dei
668 2659 879 2740 pertinentia,
911 2663 1054 2741 tempore
1085 2658 1259 2742 (landonis,
1289 2659 1405 2724 iterum

168 2763 360 2847 piscatores,
392 2762 433 2828 ad
463 2761 620 2828 sinistram
650 2762 833 2844 tendentes,
864 2763 1085 2830 machinabant
1110 2761 1235 2830 auferre
1262 2769 1406 2845 quartam

167 2875 297 2954 partem
312 2867 403 2934 uallis
419 2867 519 2934 sancti
535 2866 672 2934 Victoris
689 2867 887 2934 adiicientes:
914 2868 1017 2950 „quod
1033 2868 1072 2933 de
1089 2873 1158 2934 tota
1173 2866 1292 2934 Malata
1312 2886 1405 2949 quar-

169 2981 242 3040 tam
266 2972 408 3039 dedimus
431 2975 585 3055 partem“.
607 2970 701 3037 Unde
715 2991 815 3054 paruo
829 2973 996 3039 interuallo
1012 2973 1149 3052 euoluto,
1173 2973 1330 3055 Draganis
1352 2992 1408 3039 no-

170 3078 322 3146 bilissimi
342 3076 457 3160 prioris
480 3076 539 3143 sub
562 3080 712 3158 tempore,
735 3076 883 3142 iudicium
907 3078 990 3143 inter
1013 3095 1067 3144 eos
1090 3075 1158 3156 luit,
1191 3095 1252 3159 que
1276 3083 1310 3143 et
1332 3095 1409 3160 qua·

115 3215 121 3227 ·
172 3183 238 3251 lis⁹
259 3201 333 3266 pars
353 3181 467 3248 iustior
490 3186 585 3249 esset.
609 3175 732 3267 Statim,
758 3180 908 3248 inflamati
930 3181 1042 3264 spiritu
1064 3201 1216 3264 nequam,
1247 3182 1409 3248 monachis

172 3293 410 3355 sacramentum
432 3287 598 3372 dederunt,
623 3286 767 3369 quamuis
781 3307 824 3368 se,
841 3287 970 3352 nimium
992 3287 1180 3370 penitentes,
1204 3287 1308 3368 egisse
1320 3287 1407 3364 talia,

172 3395 265 3476 (mor
287 3393 521 3478 agnoscerent).
543 3392 634 3457 Inter
654 3391 714 3458 hec
729 3389 822 3459 affuit
838 3391 1016 3475 Stephanus
1031 3391 1208 3458 iaderensis
1224 3393 1331 3474 presul
1347 3409 1411 3456 una

172 3518 250 3567 curm
273 3499 380 3582 Drago
403 3499 509 3581 priore
530 3505 563 3564 et
584 3495 784 3566 Manlredo¹⁰
806 3499 959 3564 aduocato
982 3502 1080 3565 testes
1102 3503 1135 3564 et
1157 3515 1266 3563 omnes
1288 3495 1409 3563 nobiles

169 3611 285 3673 nostre
307 3604 404 3670 urbis.

220 3710 266 3775 Et
287 3726 347 3792 ego
369 3709 560 3789 Dominicus,
583 3707 749 3792 presbiter,
774 3713 903 3792 rogatus
926 3707 966 3774 ab
997 3708 1140 3775 omnibus
1162 3705 1291 3791 propria
1312 3724 1408 3772 manu

170 3815 289 3898 scripsi
311 3819 346 3879 et
366 3813 522 3880 roboraui.

264 3941 506 4017 Transsumptum
530 3940 559 4000 in
574 3939 694 4000 archivo
709 3957 735 4000 c.
751 3959 776 4000 r.
791 3941 846 4002 loc.
863 3939 974 4000 consilii
990 3937 1133 4000 iaderae:
1149 3937 1225 3998 Acta
1240 3955 1264 4000 s.
1281 3936 1408 4014 Chryso-

219 4029 290 4106 goni
306 4043 381 4087 casa.
397 4027 421 4106 1,
437 4044 534 4087 masso
549 4027 587 4105 H,
603 4045 647 4088 nr.
667 4029 695 4089 7.

264 4113 337 4176 Ood.
353 4113 423 4191 dipl.
440 4113 522 4176 OSD.
539 4115 563 4186 l,
582 4115 653 4175 147.

263 4201 406 4275 Quoniam
421 4200 569 4262 Candidus
584 4220 612 4263 a.
631 4204 711 4262 1076
727 4200 854 4263 Jaderae
875 4202 956 4278 prior
976 4205 1041 4262 erat
1061 4205 1188 4276 notaque
1202 4199 1278 4260 haec
1295 4217 1411 4283 „parvo

218 4287 396 4351 interuallo“
413 4290 468 4349 snb
490 4291 622 4366 prioratu
637 4289 786 4364 Dragonie
800 4295 835 4355 at
845 4293 978 4366 tempore
994 4289 1126 4366 episcopi
1141 4286 1282 4364 Stephani
1299 4287 1411 4365 scripta

219 4377 288 4437 fuit:
304 4377 383 4437 illam
398 4377 477 4436 circa
491 4395 518 4438 a.
538 4379 619 4436 1078
636 4375 742 4436 aditam
757 4381 904 4453 putamus.

212 4495 303 4550 ¹1.e
322 4493 416 4562 bladii,
433 4493 508 4552 Maii.
580 4494 711 4564 ’Tilaga
784 4493 921 4551 ³malora
995 4494 1157 4566 ⁴hleyarae.
1231 4492 1407 4549 ⁵dictitione.

178 4587 191 4620 ⁸
209 4585 356 4654 Hucusque
374 4582 538 4638 adverbum
556 4583 612 4638 fare
630 4581 793 4639 maccrdant
810 4597 872 4636 aum
888 4581 988 4639 litteris
1005 4582 1056 4640 eub
1074 4597 1124 4639 nro
1142 4585 1185 4639 20.
1265 4581 1276 4612 ⁷
1295 4580 1339 4652 „in
1351 4580 1405 4638 die-

172 4673 256 4730 bua“.
329 4671 517 4741 tumaogono.
588 4669 730 4740 'aqualia
771 4671 793 4703 ¹⁰
810 4667 950 4727 Maiiredo.
