3602 5304
1425 392 1487 458 tat

289 597 435 654 'hstium
458 597 576 667 nomine,
599 595 686 653 maior
703 601 785 662 natu,
809 600 837 652 et
854 595 1038 653 lastinianus.
1060 594 1175 667 Proeop.
1194 595 1227 652 de
1245 595 1317 654 bello
1334 595 1420 667 gottb.
1439 596 1490 668 ΠΙ,

246 685 601 755 memmp

852 862 882 925 5.

251 947 275 1008 t
289 947 338 1008 ill.

357 1078 510 1166 Battara
535 1081 716 1147 asareem
737 1080 907 1167 magartae,
931 1078 1129 1146 Dalmatiam
1150 1089 1275 1148 vadare
1295 1081 1387 1148 laetat.

291 1201 341 1269 Ob
364 1201 444 1268 haec
466 1202 648 1286 indignatus
669 1200 809 1269 Baianus
831 1202 938 1267 iurans
957 1203 1094 1269 minatus
1117 1207 1182 1282 est,
1214 1221 1250 1270 se
1270 1193 1486 1292 immissurum

251 1306 422 1374 exereitum
445 1305 479 1370 in
499 1305 714 1372 Romanorum
730 1305 857 1371 ditionis
872 1306 1028 1389 regiones,
1052 1307 1106 1388 qui
1121 1307 1345 1389 populationes
1360 1305 1491 1374 lateret

249 1409 298 1476 lid
321 1427 405 1492 quae
426 1425 496 1474 oum
520 1408 598 1474 dux¹
630 1408 736 1492 palam
766 1409 982 1494 praedicaret,
1017 1409 1062 1475 illi
1093 1409 1221 1492 quidem
1249 1410 1346 1476 licere
1376 1410 1489 1489 omnia,
1548 1407 1551 1414 ’

250 1531 330 1596 quae
359 1517 486 1596 posset,
559 1512 649 1596 gredi
672 1517 706 1580 et
727 1517 872 1591 tentare;
903 1513 960 1578 sed
988 1530 1174 1594 persuasum
1197 1513 1332 1598 babere,
1363 1511 1432 1580 lore
1455 1519 1492 1580 ut

249 1616 331 1684 istae
352 1617 557 1684 excursiones
579 1615 640 1700 bis,
663 1615 719 1698 qui
740 1616 773 1682 in
795 1635 850 1684 eas
865 1617 1121 1701 immitterentur,
1141 1635 1206 1684 non
1220 1617 1302 1685 bene
1316 1621 1491 1699 verterent,

250 1719 432 1803 respondit,
456 1737 492 1786 so
513 1719 596 1786 tales
618 1720 798 1805 missurum,
823 1721 878 1803 qui
901 1719 929 1786 si
953 1719 1115 1803 perierint,
1138 1719 1288 1787 damnum
1307 1719 1428 1786 nullum
1451 1735 1491 1786 ex

250 1842 359 1891 eorum
382 1823 477 1891 exitio
500 1823 541 1888 ad
564 1823 632 1889 eius
656 1841 786 1891 sensnm
809 1828 898 1890 esset
919 1832 1156 1906 perventurum.

293 1924 354 1990 Kal
375 1917 414 1996 lt
435 1924 674 2018 uapmtedearo
692 1915 766 1989 δέκα
780 1929 853 2013 ptr·
930 1927 1044 2010 ltaque
1067 1926 1160 1994 iussit
1180 1926 1264 1994 dena
1283 1926 1383 1993 millia
1401 1925 1492 1993 Hun-

250 2019 324 2104 άδας
345 2038 407 2094 τῶν
429 2027 662 2117 Κοντριγούρωνἱ
687 2027 854 2116 λεγομένων
884 2047 997 2096 uorum
1014 2030 1068 2113 qui
1087 2027 1493 2114 dicebanturllontriguri,¹

251 2131 372 2198 Οὕννων
391 2125 526 2216 διαβῆναι
546 2133 599 2196 τὸν
618 2131 697 2196 Σάον
719 2133 856 2221 sorapis
887 2134 1033 2201 baiioere
1065 2131 1195 2200 fluvium
1225 2132 1342 2202 Savum
1375 2139 1409 2201 et
1437 2152 1493 2200 ua·

250 2239 300 2302 aad
314 2228 427 2309 δηῶσαι
440 2235 544 2306 adteri
559 2235 747 2323 Δαλματίαν,
766 2237 856 2311 αὐτὸς
885 2243 972 2304 stare
994 2237 1196 2304 Dalmatiam.
1230 2238 1304 2321 Ipse
1326 2255 1402 2306 vero
1421 2253 1493 2304 oum

251 2333 353 2426 δὲξὺν
374 2339 455 2426 πάσῃ
478 2350 518 2426 τῇ
540 2341 608 2404 κατ’
626 2341 717 2404 αὐτὸν
739 2339 856 2412 auaotr
885 2340 1490 2421 omnisuoereroitu,transmissolstro,

252 2437 378 2509 διιλθὼν
399 2443 453 2508 τὸν
475 2442 587 2532 Ἴστρον
609 2445 637 2519 ἐς
659 2443 702 2508 τὰ
715 2454 776 2510 τῶν
795 2442 856 2516 Pa·
889 2447 921 2512 in
943 2445 1059 2513 finibus
1082 2445 1279 2529 Gepidarum
1297 2445 1448 2513 substitit.

251 2539 365 2612 satos
386 2540 522 2636 διέτριβεν
544 2548 614 2636 ὅρια.
1175 2605 1177 2610 ,

339 2674 505 2749 Menandri,
514 2675 569 2734 snb
577 2675 647 2750 imp.
659 2668 1007 2755 Mauricio(582-602)
1020 2673 1203 2752 protectoris,
1222 2677 1300 2751 ,τῶν
1311 2667 1391 2756 μετὰ
1402 2667 1493 2756 Ἀγα-

297 2757 385 2821 olam
412 2779 437 2822 o.
455 2761 506 2822 27.
523 2760 569 2822 ed.
586 2761 619 2822 O.
635 2761 759 2821 Miller:
774 2761 956 2838 Fragmenta
970 2758 1174 2820 historioorum
1190 2775 1365 2836 graecorum
1379 2759 1439 2818 vol.
1452 2757 1495 2819 1v

298 2865 327 2923 p.
345 2848 417 2908 233.
433 2846 555 2906 Parisiis
574 2849 666 2907 1868.
689 2845 851 2910 Menander
864 2845 1030 2924 Agathiae,
1055 2846 1106 2922 qni
1121 2845 1204 2906 libris
1218 2845 1349 2922 quinque
1364 2847 1450 2920 gesta
1464 2862 1494 2905 a.

299 2933 469 2995 tbi-558
485 2937 669 3010 narraverat,
692 2933 844 2994 historiam
860 2937 1034 3010 prosecutus
1049 2949 1098 2993 res
1112 2949 1181 2993 ann.
1199 2932 1370 2993 obt-582
1384 2947 1494 2993 memo·
1620 2991 1622 2996 ,

297 3020 360 3081 riae
375 3019 513 3096 prodidit.

341 3103 447 3179 Quoad
454 3109 571 3181 tempus
579 3124 607 3166 v.
616 3105 741 3166 Muralt:
757 3106 844 3168 Essai
851 3107 890 3167 de
898 3103 1141 3182 chronographie
1149 3101 1308 3180 byzantino
1316 3104 1341 3176 1,
1355 3105 1494 3164 til-8.

340 3189 431 3252 Avari
447 3179 597 3280 (Ἄβαροι),
612 3191 728 3252 Avares
743 3191 836 3272 (pers.
850 3196 948 3253 auare
961 3213 1002 3250 =
1015 3189 1122 3273 vagus)
1132 3191 1259 3267 populus
1270 3189 1495 3251 analo-alteiam

298 3277 414 3354 stirpis,
438 3278 477 3336 ad
500 3295 587 3352 quam
609 3279 697 3338 etiam
720 3295 822 3338 eorum
843 3278 1088 3356 praedecessores
1111 3277 1211 3337 Hunni
1232 3263 1356 3366 (maor)
1379 3279 1495 3352 speeta-

297 3363 370 3424 bant
391 3357 511 3444 (Zeuss2
535 3364 592 3424 Die
606 3365 787 3426 Deutsohen.
812 3364 842 3426 S.
861 3367 932 3424 727.
956 3365 1129 3426 Neomann:
1144 3363 1202 3423 Die
1217 3362 1332 3424 Vollrer
1356 3361 1410 3421 des
1426 3360 1496 3420 stid-

297 3448 394 3510 lieben
422 3447 595 3510 Russlands.
630 3451 755 3526 Leipzig
787 3453 887 3529 1847,
925 3450 955 3512 S.
988 3451 1028 3512 35
1059 3451 1089 3511 ll.
1113 3449 1195 3510 ond.
1225 3449 1351 3510 Mulier:
1393 3447 1494 3522 Alige-

297 3535 393 3594 meine
418 3535 651 3611 Etbnograpbie.
678 3537 765 3595 Wien
791 3538 883 3598 1873.
912 3536 936 3611 1,
965 3534 1042 3614 352)
1067 3537 1188 3597 areolae
1214 3533 1364 3612 quondam
1395 3529 1436 3616 (o.
1464 3549 1493 3594 a.

299 3619 440 3698 461-5)
456 3621 495 3681 ad
510 3621 687 3683 bdoeotidem
703 3627 733 3682 et
747 3622 886 3698 Caspium
899 3623 1005 3704 laeum,
1022 3622 1090 3683 dein
1106 3616 1197 3705 (658)
1213 3621 1253 3682 ad
1266 3621 1409 3704 Pontum,
1432 3623 1496 3678 tan·

264 3740 267 3746 ·
300 3705 365 3767 dern
381 3707 644 3784 Langobardorum
668 3712 771 3768 eontra
786 3707 918 3784 (lepidas
933 3709 1021 3787 sotii,
1043 3708 1150 3783 quibus
1173 3708 1297 3768 devietis
1321 3703 1411 3785 (566)
1434 3701 1495 3767 Da·

299 3792 374 3853 eiam
390 3798 563 3870 oouparnnt.
581 3793 678 3868 Quum
692 3793 837 3855 Alboinns
849 3794 1064 3870 Langobardos
1080 3811 1149 3854 euos
1163 3812 1241 3855 anuo
1259 3793 1321 3854 568
1337 3793 1367 3852 in
1378 3787 1496 3853 Italiam

301 3879 437 3952 deteret,
465 3880 627 3940 Panoniam
649 3879 758 3941 Avaris
781 3881 879 3942 oessit.
907 3881 946 3940 Hi
968 3882 1069 3956 itaque
1092 3897 1207 3940 omnem
1231 3878 1382 3956 regionem
1404 3878 1496 3954 illam,

301 3983 389 4044 quarn
405 3967 487 4042 prius
501 3966 616 4048 Hanni,
643 3967 710 4026 dein
726 3967 918 4042 Langobardi
933 3971 963 4027 et
978 3967 1114 4043 (lepidae
1130 3969 1295 4041 tenuerant,
1312 3981 1389 4024 nune
1404 3963 1497 4040 possi·

301 4052 427 4130 debant,
451 4057 541 4128 atque
563 4053 762 4113 Romanorum
785 4053 946 4130 provintiis
960 4053 1081 4130 Illyriae
1097 4057 1127 4113 et
1142 4053 1309 4113 Dalmatiae
1325 4047 1498 4111 oontermini

299 4143 393 4198 erant.
408 4138 734 4214 Avarorumehaganus
743 4139 872 4199 Baianus
887 4157 956 4199 mox
971 4140 1010 4200 ab
1027 4141 1204 4216 imperatore
1220 4137 1335 4198 tustino
1351 4136 1382 4195 11
1397 4140 1497 4212 postn-

302 4225 382 4304 lavit,
399 4229 432 4284 ut
446 4224 591 4295 Sirmium,
608 4224 688 4300 quod
697 4224 877 4300 Gepidarnm
886 4227 968 4302 prius
980 4231 1045 4286 erat
1056 4225 1109 4285 sed
1124 4225 1234 4286 ultimis
1248 4226 1324 4283 inter
1340 4221 1499 4282 Ouuimun-

301 4310 370 4370 dum
385 4314 416 4370 et
430 4310 588 4371 alboinum
604 4311 691 4370 bellis
706 4328 725 4371 a
739 4313 878 4370 Romanis
894 4312 1108 4372 revindicaturn
1123 4310 1229 4387 luerat,
1248 4309 1304 4370 sibi
1319 4308 1497 4370 restitueret.

299 4397 460 4472 Repulsam
475 4414 581 4473 passus
595 4397 673 4457 illioo
689 4398 807 4474 urbem,
833 4399 879 4458 oui
896 4400 958 4457 tnm
973 4397 1073 4458 Bonus
1088 4385 1203 4484 (Βῶνος)
1219 4398 1367 4474 praeerat,
1383 4393 1500 4454 obsedit

305 4480 410 4561 (569);
426 4483 479 4542 sed
490 4479 1014 4563 „postmnrorumoppugnationem“
1030 4483 1223 4558 depaoeoum
1231 4482 1393 4557 Bonoegit‚
1409 4497 1498 4555 quam

305 4583 438 4628 onmnon
449 4567 605 4645 obtineret,
621 4567 879 4645 depopulationem
891 4569 1005 4630 vioinae
1019 4569 1218 4631 Romanorum
1229 4567 1358 4645 regionis
1373 4567 1500 4625 minatus

311 4657 365 4715 est.
380 4653 407 4713 n
422 4651 519 4714 Sirmii
529 4654 587 4715 situ
598 4656 733 4715 satolare
740 4659 833 4737 patet,
849 4653 1195 4732 (luturgurosePanonia
1202 4651 1499 4716 seoundainDalma·

1377 4749 1397 4792 a
