3480 5284
229 381 391 444 .28

348 581 447 638 domini
465 585 542 642 acac.
604 585 624 664 Ι*
642 585 683 641 Oi.
702 583 793 656 Vojat,
811 584 922 656 Vojtan.
940 585 992 642 Die
1008 585 1125 658 Bildung
1142 587 1190 644 der
1207 587 1272 644 slav.
1285 585 1525 645 Personennamen
1541 602 1584 642 nr.

345 673 387 726 st.
408 671 522 742 „Vjato“
541 672 655 729 forsitan
672 689 722 743 pro
747 673 887 747 „Vojcto“,
912 672 1003 744 Vojat.
1076 675 1295 732 ⁵Atrsmentum
1318 675 1486 747 scripturae,
1511 687 1586 744 quse

326 789 330 800 ·
346 759 475 828 equitur,
494 760 561 816 adeo
577 759 708 832 pallidum
725 767 775 830 est,
794 767 824 816 ut
843 761 972 830 quaedam
991 764 1101 818 nomina
1118 761 1262 820 difficulter
1280 763 1427 834 legantur„
1603 753 1608 765 ’

821 991 824 996 ’
916 992 1048 1066 22.’

346 1095 368 1156 t.
383 1095 442 1168 liti,
456 1097 490 1158 iic
504 1097 514 1156 l
529 1100 622 1180 capeti.

813 1181 925 1253 (Charta
942 1183 1108 1254 aenaeam).
1162 1201 1164 1208 ⁴

348 1287 563 1371 tanacetum
584 1305 751 1390 fratribus,
773 1308 931 1394 nepotibus
951 1309 1058 1392 ctfilio
1081 1307 1170 1376 Piceo
1192 1307 1287 1374 donat
1309 1306 1452 1373 aeaeae
1473 1325 1499 1371 e.
1515 1301 1579 1370 Mi·

626 1410 738 1478 riaetis
760 1411 892 1479 &zonae
913 1422 1015 1479 terras
1037 1421 1065 1480 ct
1081 1415 1299 1500 possessiones.
1329 1453 1331 1458 -

390 1534 426 1599 In
450 1532 568 1602 Christi
590 1536 725 1617 nomine,
749 1555 848 1602 amen.
872 1536 963 1605 Anno
986 1537 1161 1604 natiuitatis
1184 1537 1324 1604 eiusdem
1340 1535 1457 1602 domini
1475 1525 1579 1603 nostri

346 1638 424 1705 Jesu
448 1637 567 1708 Christi
588 1642 761 1721 millesimo,
784 1643 954 1709 indictione
977 1640 1127 1729 (decima)
1150 1643 1257 1708 tercia.
1280 1641 1500 1724 Regnantibus
1523 1641 1578 1708 do

346 1744 438 1810 minis
457 1747 578 1812 nostris
597 1746 715 1813 Basilio
731 1753 764 1812 et
779 1745 983 1815 Constantino
1005 1748 1127 1832 magnis
1150 1746 1402 1831 imperatoribus,
1424 1747 1458 1811 in
1479 1764 1579 1828 regno

346 1847 519 1918 Chroaciae
551 1851 747 1935 gubernante
780 1859 885 1918 autem
914 1851 1110 1930 Dirzislauo,
1144 1851 1260 1934 inclyto
1291 1869 1383 1936 rege,
1417 1850 1581 1919 residente

347 1955 443 2022 etiam
463 1955 495 2020 in
519 1957 593 2022 sede
616 1956 700 2022 beati
722 1956 849 2023 Domnii
870 1955 1015 2034 Mutine,
1044 1955 1307 2022 reuerendissimo
1330 1956 1578 2042 archiepiscopo,

350 2079 412 2126 una
441 2079 511 2126 cum
534 2061 667 2128 domino
698 2061 825 2128 Florino
855 2061 1009 2144 principe¹
1033 2059 1154 2144 Spalati
1176 2065 1210 2130 et
1231 2059 1347 2126 charit
1379 2059 1514 2141 Exque
1538 2059 1580 2126 ab

348 2165 477 2232 exordio
506 2166 611 2231 mundi
642 2167 731 2250 primi
763 2172 923 2248 parentes¹
943 2168 975 2231 in
1004 2175 1166 2249 peccatum
1196 2164 1391 2240 inciderunt,
1422 2164 1581 2247 eiectique

347 2268 474 2336 fuerunt
496 2271 536 2336 de
558 2270 704 2354 paradiso
729 2270 910 2338 deliciarum
933 2277 967 2338 et
989 2271 1110 2353 expulsi
1133 2275 1206 2336 sunt
1228 2269 1261 2334 in
1281 2271 1442 2354 regionem
1457 2271 1579 2350 mortis,

347 2373 414 2440 cui⁸
437 2375 536 2441 omnis
567 2381 670 2442 status
701 2376 859 2442 hominum
883 2381 1018 2442 extunc
1041 2377 1082 2442 sit
1104 2376 1280 2454 subiectum
1304 2381 1338 2441 et
1358 2374 1400 2442 ob
1421 2369 1454 2440 id
1477 2375 1581 2441 omnis

346 2480 489 2546 mortalis
518 2481 609 2546 homo
640 2479 835 2563 repentinam
867 2481 1015 2548 formidet
1042 2487 1175 2547 mortem
1208 2488 1241 2546 et
1263 2473 1508 2558 accidentalem,
1538 2497 1582 2547 ne

346 2583 520 2666 imparatus
551 2585 690 2652 existens
720 2583 857 2671 morti(s)
888 2591 1061 2668 perpetuae
1084 2587 1116 2651 in
1139 2591 1300 2654 aeternam
1322 2583 1478 2650 incideret
1499 2603 1580 2667 poe·

348 2708 429 2754 nam.
452 2687 542 2755 Hanc
565 2689 605 2755 ob
628 2707 755 2762 causans
778 2692 971 2758 ruminantes
995 2697 1027 2756 et
1047 2691 1282 2758 considerantes
1298 2689 1504 2777 cogitauimus
1520 2707 1581 2755 nos

311 2821 315 2830 ·
348 2793 461 2875 supra⁴
484 2792 558 2860 dicti
582 2794 674 2882 simui
690 2799 722 2860 et
737 2795 942 2874 concorditer,
965 2795 1138 2879 inspirante
1161 2813 1218 2860 nos
1241 2793 1355 2877 spiritu
1376 2798 1496 2872 sancto,
1520 2811 1581 2876 pro

349 2897 566 2982 redemptione
588 2901 761 2966 animarum
784 2905 961 2966 nostrarum
976 2907 1218 2980 nostrorumque
1234 2903 1401 2981 parentum
1415 2915 1454 2964 ac
1469 2897 1580 2965 haere·

350 3003 425 3070 dum
448 3011 625 3071 nostrorum
648 3004 811 3087 usquead
840 3003 934 3070 finem
956 3004 1080 3087 mundi,
1110 3003 1240 3072 fecimus
1262 3000 1428 3069 aedificare
1452 3003 1581 3069 domum

349 3109 400 3176 dei
430 3109 471 3175 ad
501 3109 652 3175 honorem
680 3115 857 3176 sanctorum
889 3109 939 3176 dei
969 3109 1082 3192 supra⁵
1110 3109 1298 3190 scriptorum
1328 3107 1361 3172 in
1383 3106 1453 3173 loco
1475 3125 1579 3190 prope

348 3212 422 3280 litus
452 3213 548 3279 maris
578 3213 646 3279 siue
677 3232 775 3296 prope
798 3232 935 3280 arenam.
970 3213 1108 3296 Primum
1130 3231 1224 3295 prece
1247 3211 1438 3278 obtinuimus
1461 3231 1481 3278 a
1503 3231 1581 3294 rege

347 3338 424 3386 saxa
445 3319 572 3398 theatri,
595 3337 634 3384 ex
656 3320 769 3401 quihus
792 3320 956 3386 ecclesiam
978 3318 1219 3396 fabricaremus3
1248 3322 1281 3382 et
1301 3317 1354 3382 ille
1377 3315 1466 3383 dedit
1486 3317 1579 3383 nohis

347 3429 381 3491 et
409 3442 485 3490 saxa
514 3429 547 3489 et
577 3442 700 3490 omnem
730 3425 893 3491 circuitum
924 3428 1029 3491 terrae
1061 3423 1179 3488 theatri
1213 3421 1254 3488 ad
1282 3421 1436 3487 honorem
1464 3421 1516 3488 dei
1547 3429 1580 3488 et

350 3527 609 3614 ecclesiae'beati¹
632 3523 795 3595 Michaelis
814 3529 1004 3612 archangeli.
1028 3527 1097 3610 Ego
1121 3527 1232 3593 Plesus
1254 3526 1408 3607 imprimis
1431 3527 1492 3591 emi
1515 3530 1579 3591 ter·

350 3651 470 3712 renum,
494 3650 589 3714 super
611 3632 694 3714 quod
716 3631 951 3699 aedificauirnus
974 3633 1148 3711 ecclesiam,
1172 3650 1192 3697 a
1214 3631 1349 3712 quodam
1367 3630 1579 3698 homine-sla·

349 3737 461 3802 uonico
483 3737 609 3802 nomine
632 3733 764 3817 Sidica‚⁶
786 3735 839 3819 qui
861 3738 921 3804 iuit
950 3738 990 3804 de
1019 3739 1089 3804 loco
1118 3741 1299 3818 nuncupato
1323 3733 1484 3818 Chesios,⁷
1505 3740 1538 3801 et
1560 3753 1580 3801 a
1682 3741 1685 3746 '

350 3839 448 3908 fratre
479 3859 537 3908 suo
568 3841 669 3920 Ζίνο,8
690 3848 762 3939 octo
792 3842 944 3924 denariis;
975 3843 1060 3926 quod
1082 3842 1209 3926 hahere,
1233 3859 1295 3922 quo
1318 3837 1475 3922 gaudere,
1506 3837 1580 3918 frui,

348 3945 568 4014 usufructuare
591 3952 624 4014 et
644 3944 751 4013 facere
773 3947 813 4016 de
827 3949 896 4031 ipso
913 3947 1065 4030 quidquid
1079 3946 1171 4013 nobis
1185 3945 1348 4028 placuerit.
1371 3943 1466 4010 Aliud
1481 3945 1580 4010 etiam

347 4053 410 4118 emi
438 4057 599 4120 terrenum
628 4052 715 4118 iusto
744 4053 909 4118 ecclesiam
939 4054 979 4118 ab
1009 4052 1173 4120 occidente
1196 4070 1215 4117 a
1236 4049 1425 4118 iismarisoo
1449 4048 1580 4130 Chirini,

348 4157 445 4224 trium
469 4163 687 4238 uretenorum,
711 4157 849 4225 denariis
864 4158 988 4248 decem3
1013 4157 1086 4223 uolo
1108 4167 1141 4224 et
1156 4155 1257 4238 iubeo,
1281 4161 1317 4222 ut
1338 4155 1381 4221 sit
1403 4154 1507 4220 dictae
1529 4172 1580 4222 ec-

346 4261 469 4330 clesiae.
501 4261 545 4328 Et
573 4262 660 4328 iuxta
690 4261 808 4328 dictum
836 4259 1002 4330 terrenum
1026 4264 1088 4329 emi
1109 4261 1195 4327 aliud
1216 4266 1377 4326 terrenum
1400 4279 1420 4326 a
1442 4260 1579 4342 quodam

348 4365 498 4454 Stroiza,⁹
513 4365 577 4434 filio
593 4367 753 4449 Zemici‚¹⁰
769 4367 906 4434 donanis
921 4367 1075 4452 quinqne3
1099 4367 1182 4446 uolo,
1198 4371 1235 4432 ut
1250 4365 1292 4432 sit
1306 4365 1398 4431 istius
1414 4363 1579 4431 ecclesiae.

347 4472 430 4538 Item
452 4471 513 4537 emi
535 4477 697 4538 terrenum
720 4489 820 4555 prope
843 4473 918 4538 ditus
939 4473 1037 4538 maris
1060 4471 1119 4538 sub
1143 4471 1254 4538 sabulo
1277 4489 1297 4536 a
1317 4467 1499 4536 Zubinioo¹¹
1523 4468 1578 4534 de·

349 4575 445 4643 nodis
467 4576 507 4656 X,
538 4575 623 4659 quod
651 4581 700 4644 est
726 4577 814 4644 iusta
842 4575 958 4643 flumen
988 4576 1021 4642 in
1054 4575 1124 4643 loco
1157 4581 1270 4656 nocato
1300 4571 1580 4665 Poddupglane;¹²

348 4681 430 4762 uolo,
454 4687 489 4747 ut
504 4680 545 4748 sit
559 4680 652 4748 huius
668 4681 830 4750 ecclesiae.
853 4683 931 4750 Post
944 4680 1023 4748 haec
1038 4680 1232 4762 Theodorus,
1255 4677 1432 4762 filiuseius,
1456 4679 1580 4762 accepit
