3494 5410
1373 393 1432 460 las

195 597 343 682 utsiego
359 597 614 667 conualescerem
631 599 670 668 de
691 597 885 680 infirmitate,
908 601 941 666 in
956 597 1080 683 prefata
1096 601 1230 668 ecclesia
1251 601 1339 667 Petri
1361 620 1438 684 apo·

199 702 277 769 stoli
299 703 343 770 ibi
367 721 418 772 me
440 703 639 772 totonderem
662 712 696 770 et
717 704 859 772 habitum
878 705 1053 772 beatissimi
1075 705 1240 772 Benedicti
1256 706 1438 789 reciperem.

197 805 311 889 Igitur,
336 807 543 892 dispensante
556 809 663 876 diuina
675 809 855 889 clemencia,
878 811 999 878 surrexi
1022 811 1063 875 da
1085 811 1220 891 lectulo;
1251 817 1284 877 et
1306 810 1437 878 consilio

197 919 234 978 et
256 913 411 981 adiutorio
434 913 598 980 Laurentii
621 913 850 997 archiepiscopi
873 921 1113 998 ceterommque
1136 915 1320 982 clericomm
1334 916 1367 982 in
1384 935 1437 981 su·

197 1036 259 1100 pra
282 1018 443 1084 nominata
465 1018 600 1085 ecclesia
614 1017 764 1084 domnum
781 1017 979 1102 Gregorium,
1003 1027 1146 1086 nostrum
1161 1025 1317 1104 nepotem,
1340 1019 1438 1087 abba-

197 1128 263 1188 tem
287 1122 521 1204 ordinauimus3
544 1129 577 1190 et
599 1122 660 1189 hoc
681 1123 766 1205 quod
781 1125 866 1204 uoui,
891 1123 1007 1190 auxilio
1024 1123 1074 1190 dei
1090 1123 1270 1207 adimpleui.
1295 1122 1352 1192 Set
1366 1143 1437 1191 cum

197 1227 342 1308 cepimus
364 1225 512 1294 edificare
534 1229 655 1305 domos,
678 1245 740 1308 que
763 1230 941 1295 necessarie
964 1233 1057 1294 erant
1078 1227 1240 1308 fratribus,
1269 1227 1436 1296 aminiculo

197 1329 252 1397 dei
267 1333 535 1412 consumauimus3
560 1340 753 1416 quapropter
774 1333 904 1399 consilio
919 1333 1084 1400 memorati
1099 1334 1225 1400 abbatis
1241 1335 1438 1417 aliorumque

197 1435 333 1502 fratrum
355 1436 514 1505 noluimus
537 1438 570 1503 in
591 1439 751 1504 nominato
774 1437 997 1518 monticellum,
1026 1439 1111 1522 quod
1133 1440 1314 1522 comparaui
1336 1458 1356 1505 a
1377 1437 1438 1504 bli-

197 1541 326 1608 roslauo
351 1546 385 1608 et
414 1561 434 1608 a
465 1540 538 1610 filiis
567 1541 770 1624 Michahelis,
802 1541 906 1608 uicum
937 1547 1121 1610 construere
1150 1544 1267 1610 nostris
1294 1542 1437 1610 famulis:

199 1651 356 1728 ceperunt
378 1645 533 1713 Uilldld²⁴
555 1663 615 1715 nec
635 1665 699 1713 non
721 1648 887 1715 Prodanus
909 1647 1062 1715 duomico
1085 1667 1156 1714 cum
1172 1649 1316 1716 omnibus
1331 1646 1437 1731 'luga-

171 1793 177 1801 -
200 1751 299 1830 ranis,
323 1767 419 1818 causa
441 1751 569 1832 inuidia,
592 1751 723 1835 zeloque
746 1751 863 1819 diaboli
885 1751 1080 1832 inflammati,
1106 1753 1254 1820 resistere
1277 1753 1435 1820 dicentes:

204 1871 290 1940 „non
312 1855 389 1922 licet
410 1855 469 1922 tibi
493 1862 675 1925 construere
690 1857 794 1923 uicum
809 1857 842 1922 in
856 1857 1082 1936 monticellum,
1107 1859 1180 1941 quia
1195 1863 1340 1923 nostrum
1356 1861 1435 1923 est“.

198 1957 245 2024 Et
266 1977 326 2043 ego
349 1959 429 2026 illie:
454 1960 590 2044 „uallem
613 1968 646 2028 et
668 1967 815 2042 montem,
838 1963 1009 2047 incipiente
1024 1981 1062 2029 ex
1077 1963 1176 2028 sabne
1193 1979 1293 2042 usque
1316 1959 1436 2040 Satilie,

198 2065 305 2130 omnia
328 2083 398 2132 mea
420 2070 511 2145 sunt3
535 2067 609 2148 quia
630 2065 693 2131 emi
715 2087 736 2133 a
757 2065 929 2133 Miroslauo
953 2085 1057 2134 coram
1074 2067 1196 2133 idoneis
1215 2063 1435 2134 testimoniis“.

197 2165 318 2252 attigit
338 2187 377 2236 eo
398 2175 540 2252 tempore
562 2171 671 2237 uenire
694 2170 727 2236 in
749 2171 866 2238 nostris
888 2172 1033 2254 partibus
1056 2170 1182 2239 Slauizo
1198 2190 1253 2238 rex
1268 2176 1302 2238 ct
1323 2171 1438 2238 Petrus

199 2273 304 2339 banus
325 2291 384 2340 nec
405 2293 469 2341 non
491 2259 669 2342 Sarubba¹⁵
690 2293 787 2342 causa
810 2275 982 2361 discordie,
1013 2294 1076 2359 que
1107 2282 1178 2343 erat
1206 2277 1289 2342 inter
1312 2275 1437 2342 Slauiao

199 2384 234 2444 et
256 2377 436 2445 Lubomiro.
459 2377 554 2445 Unde
576 2385 771 2448 uocauamnt
792 2399 851 2448 nos
873 2379 1019 2447 antebos
1035 2383 1212 2448 nominatos
1226 2381 1313 2447 uiros
1328 2398 1437 2448 omnes

201 2481 383 2566 Tugarani;
411 2483 624 2552 residentibus
635 2486 668 2550 in
681 2484 814 2552 ecclesia
824 2484 911 2552 beati
922 2484 1020 2564 Petri,
1043 2502 1105 2567 que
1117 2486 1179 2552 sita
1189 2490 1240 2552 est
1260 2485 1293 2552 in
1317 2483 1437 2565 Olmisi,

199 2587 322 2654 scilicet
345 2605 451 2655 coram
474 2589 600 2656 Slauizo
623 2607 682 2656 nec
700 2609 764 2656 non
776 2591 872 2656 Petro
888 2596 921 2656 at
936 2587 1090 2666 Sarubba,
1113 2595 1266 2672 ceperunt
1281 2591 1437 2662 altercare

200 2692 378 2773 nobiscum,
401 2701 436 2760 et
455 2695 502 2761 ita
522 2695 613 2761 nobis
640 2693 862 2762 iudicauerunt
890 2700 926 2761 ut
948 2713 1008 2778 ego
1031 2711 1177 2760 uocatam
1199 2699 1267 2761 tres
1291 2695 1437 2762 meliores

200 2817 242 2864 ex
263 2797 396 2880 prefatis
421 2800 628 2880 testimoniis,
658 2798 807 2866 uidelicet
837 2799 1050 2882 presbiterum
1080 2799 1209 2866 Petrum
1239 2799 1383 2867 Piseniza
1405 2805 1439 2867 et

199 2901 386 2969 Fenninum
408 2903 588 2971 Platimisse
611 2922 755 2972 necnon
778 2903 945 2971 diaconum
966 2905 1125 2988 Dnymum
1147 2903 1242 2970 Boce.
1266 2905 1368 2987 Igitur
1382 2903 1438 2969 ha-

198 3007 246 3075 bii
276 3006 458 3091 Spalatum,
492 3027 678 3092 mecumque
707 3009 823 3076 adduxi
853 3026 929 3089 eos;
956 3015 991 3074 et
1020 3009 1060 3076 ad
1090 3009 1267 3076 nominatas
1297 3007 1438 3091 partes²⁶

199 3113 421 3194 ascenderunt,
438 3119 471 3181 et
481 3114 536 3200 ita,
553 3118 590 3181 ut
604 3131 701 3195 supra
715 3114 867 3196 scriptum
882 3121 942 3194 est,
959 3115 1034 3197 quia
1047 3113 1262 3180 monticellum
1277 3119 1310 3180 et
1325 3113 1438 3179 vallem

199 3224 234 3286 et
255 3217 426 3300 incipiente
447 3236 468 3284 a
489 3217 590 3285 saline
613 3235 713 3299 usque
736 3219 777 3285 ad
800 3219 927 3285 uineam
950 3219 1142 3285 disto-cosae
1164 3223 1265 3284 totum
1291 3223 1435 3285 nostrum

198 3339 283 3407 esse,
306 3319 557 3390 testificauerunt
579 3340 684 3389 coram
696 3324 805 3390 Dabro
818 3324 948 3390 diacono
966 3321 1030 3389 lilio
1045 3322 1158 3404 Diti,²⁷
1179 3323 1357 3406 presbitero
1373 3323 1437 3388 Do·

199 3425 316 3494 minico
327 3425 456 3507 blacica,
472 3427 650 3509 presbitero
663 3427 811 3503 Runtino,
828 3428 953 3511 Duymo
969 3426 1033 3493 filio
1049 3426 1262 3506 lezamoza,²⁸
1284 3426 1435 3505 Oliuerio,

198 3531 335 3613 Rugata
359 3531 480 3613 Vicina,
504 3531 699 3618 Damanego,
722 3531 830 3600 Dabro
852 3532 977 3618 Petriti,
1000 3532 1108 3601 Karna
1131 3533 1170 3598 do
1192 3531 1320 3617 Tagari,
1355 3531 1437 3598 Dra·

197 3655 285 3722 gana
306 3636 544 3720 Tilstocosse.†

244 3741 287 3808 Et
317 3743 396 3810 alias
432 3747 534 3811 terras
564 3742 647 3810 ultra
678 3747 853 3808 torrentem
883 3741 1137 3825 comparauimus
1167 3761 1187 3807 a
1215 3741 1345 3806 luanizo
1379 3759 1437 3823 pro

198 3847 326 3914 1solido
341 3854 375 3914 at
386 3848 475 3929 pario
496 3847 536 3914 de
552 3847 620 3914 sola
636 3866 694 3930 pro
710 3845 782 3925 fine,
806 3864 910 3912 coram
924 3845 1045 3930 Nycola
1060 3851 1093 3912 et
1106 3845 1204 3914 fratre
1220 3863 1279 3910 suo
1295 3845 1394 3929 Girgi.
1418 3846 1438 3928 †

243 3951 287 4018 st
317 3953 568 4035 comparandmus
596 3958 714 4018 terram
747 3951 842 4017 aliam
873 3971 893 4017 a
923 3952 1101 4018 Dobrouito
1132 3957 1164 4018 et
1195 3951 1259 4016 filio
1292 3969 1350 4017 suo
1373 3949 1437 4016 De·

199 4057 332 4134 domim,
357 4075 418 4138 que
441 4061 492 4123 est
513 4075 611 4140 supra
634 4063 736 4124 terras
760 4058 860 4123 sancti
883 4055 1037 4137 Stephani
1059 4057 1118 4121 sub
1142 4073 1230 4138 rupe,
1254 4072 1316 4137 que
1339 4054 1436 4138 uulgo

199 4161 317 4227 dicitur
339 4160 400 4237 lau,
425 4179 483 4242 pro
505 4185 540 4228 rr
561 4161 684 4245 galatas
707 4163 773 4227 uini
795 4167 829 4228 et
851 4161 956 4226 madia
971 4178 1029 4243 pro
1044 4157 1115 4231 line.
1141 4177 1245 4226 coram
1258 4161 1438 4241 presbitero

198 4265 286 4332 Urso
309 4272 344 4332 et
366 4265 497 4332 diacono
520 4265 640 4347 Dabro,
669 4265 815 4334 iohanne
838 4265 1036 4347 Mesagalina
1066 4270 1099 4332 et
1121 4265 1216 4333 Petro
1240 4263 1396 4331 Carbone.
1419 4265 1439 4348 †

242 4367 358 4435 Adhuc
379 4371 630 4452 comparauimus
648 4373 907 4452 promontorium,
930 4370 1110 4451 quidicitur
1122 4369 1199 4452 pissi
1221 4368 1308 4449 rit²⁰
1330 4368 1439 4436 sfiliis

200 4473 403 4557 Stephanizi,
426 4474 572 4542 Petracia
594 4482 627 4542 et
649 4473 828 4560 Sdedragc,
855 4494 913 4559 pro
936 4475 984 4542 ΙΙΙ
1006 4475 1116 4542 solidis
1138 4481 1172 4540 et
1194 4474 1318 4541 duobus
1341 4475 1439 4555 pariis

200 4579 242 4644 de
264 4579 341 4646 solis
363 4598 421 4663 pro
444 4578 516 4661 line,
541 4597 646 4647 coram
668 4579 867 4662 Mesagalina
889 4587 922 4647 at
943 4581 1039 4647 Petro
1064 4579 1219 4647 Carbone.
1244 4581 1264 4663 †

240 4682 362 4750 ibidem
383 4703 483 4768 prope
508 4686 597 4751 uinea
622 4683 754 4768 Nicoley
777 4686 1030 4767 comparauimus
1054 4685 1179 4752 uincam
1195 4704 1215 4751 a
1231 4683 1321 4766 Girgi
1336 4681 1435 4750 fratre

1316 4789 1336 4854 9
