3602 5304
1430 363 1492 424 247

339 553 468 628 Registri
483 554 533 614 lib.
550 555 592 614 VI
607 574 654 633 ep.
671 559 700 617 3.
717 558 829 618 nansi:
846 559 936 620 Cone.
952 561 1017 622 coll.
1031 561 1067 638 X,
1085 564 1114 621 4.
1131 563 1242 623 Farlati
1263 565 1303 646 11,
1329 565 1401 626 259.
1418 566 1491 626 Ood.

296 637 367 715 dipl.
384 638 467 700 CSI).
485 641 510 720 Ι,
529 641 581 701 20.
596 642 690 702 Jaffe:
706 644 837 720 Regesta
851 650 932 721 pont.
948 663 1022 706 rom.
1039 665 1083 706 nr.
1103 650 1195 710 1013.

844 914 894 974 34.

251 989 273 1050 t.
289 991 336 1052 tto.

625 1131 747 1197 Slooeni
768 1131 948 1198 Baiouariis
970 1133 1111 1217 confines.

291 1247 361 1315 Hiis
388 1252 501 1319 diebus
524 1251 649 1320 Tassilo
673 1271 691 1318 a
714 1252 924 1333 childeberto,
951 1272 1026 1334 rege
1049 1253 1260 1338 Francorum,
1289 1256 1372 1337 apud
1396 1256 1489 1323 Baio-

248 1353 345 1420 ariam
368 1375 424 1421 ren
447 1357 610 1423 ordinatus
633 1363 692 1422 est,
723 1357 785 1435 Qui
806 1375 879 1424 mox
901 1375 970 1422 cum
993 1359 1186 1423 exercituin
1210 1357 1392 1425 Sciavorum
1414 1378 1487 1441 pro·

248 1458 382 1524 vinciam
406 1460 568 1540 introiens,
594 1465 720 1543 patrata
742 1461 875 1526 rictoria
898 1459 938 1525 ad
961 1460 1062 1526 solum
1086 1463 1248 1542 proprium
1268 1481 1338 1527 cum
1353 1463 1489 1529 maxima

247 1563 366 1643 praeda
388 1564 551 1629 remeauit.

332 1688 443 1747 Paulus
459 1687 615 1749 diaconus:
643 1689 689 1749 De
712 1690 803 1764 gestis
825 1688 1090 1764 Langobardorum
1108 1689 1157 1752 tib.
1175 1691 1218 1748 IV
1234 1709 1258 1751 c.
1278 1693 1306 1748 Ia
1325 1689 1370 1750 ed.
1388 1691 1486 1751 Mura-

289 1773 360 1833 tori:
389 1773 494 1850 Script.
518 1791 575 1836 rer.
600 1775 661 1834 itai.
685 1775 709 1848 1,
733 1775 805 1835 455.
833 1775 965 1851 Scriptor
987 1793 1063 1835 saec.
1089 1777 1171 1837 VIII.
1197 1777 1245 1836 W.
1271 1777 1486 1836 Wattenbach:

289 1859 509 1919 Dentsohlands
518 1859 809 1935 Geschichtsqnellen
818 1862 856 1919 im
865 1863 1044 1920 Mittelatter.
1054 1863 1155 1921 BerIIn
1165 1865 1257 1922 1873.
1267 1863 1291 1939 Ι,
1304 1865 1484 1923 126—131.

333 1945 450 2005 Tassilo
473 1944 568 2004 sactus
590 1951 635 2005 est
657 1947 859 2005 Baioariorum
883 1947 942 2006 dux
964 1966 991 2006 a.
1017 1951 1088 2009 595.
1107 1949 1142 2008 V.
1165 1949 1202 2006 ad
1219 1947 1247 2009 h.
1264 1965 1291 2007 a.
1314 1949 1486 2008 HerImanni

288 2047 356 2106 ang.
370 2030 527 2091 chronicon
538 2035 569 2091 et
579 2029 724 2107 Sigeberti
737 2034 951 2108 gemblacensis
962 2033 1116 2094 chronica:
1133 2035 1230 2114 Perta,
1243 2035 1370 2096 Menum.
1385 2034 1485 2094 Germ.

288 2115 338 2196 VI,
356 2135 385 2193 p.
404 2119 454 2178 90.
473 2117 538 2191 VII,
557 2119 629 2177 320.

328 2203 412 2262 Haec
428 2207 473 2261 est
488 2201 690 2277 antiquissima
704 2201 784 2278 apud
800 2203 958 2278 scriptores
973 2205 1075 2263 notitia
1091 2203 1127 2265 de
1146 2203 1251 2274 Slaris,
1280 2205 1329 2278 qui
1346 2205 1374 2263 in
1395 2223 1482 2281 „pro-

286 2283 401 2347 vincia“
418 2288 594 2347 Baiouariae
609 2287 732 2347 finitima
747 2288 834 2348 sedes
850 2287 983 2348 fixerunt.
1001 2291 1158 2350 Provincia
1169 2288 1253 2364 haee,
1270 2307 1338 2350 mox
1351 2289 1483 2365 „Caran-

286 2373 405 2433 tannm“
423 2373 510 2450 dicta,
531 2373 671 2434 Noricum
686 2379 818 2433 veterum
834 2379 907 2452 arat,
924 2375 1003 2449 qnod
1019 2375 1138 2435 Sloveni
1154 2377 1230 2434 intra
1246 2377 1416 2436 aea-592
1432 2394 1484 2436 an-

286 2476 339 2518 nos
351 2465 542 2535 occuparunt.
559 2457 717 2519 Conflictns
729 2461 805 2520 iuter
815 2461 988 2521 Baiouarioa
1001 2466 1031 2521 et
1041 2460 1184 2521 Storenos
1193 2462 1222 2519 in
1235 2461 1379 2537 superiori
1389 2463 1483 2521 Dravi

286 2545 373 2624 valle,
388 2550 579 2621 utrorumque
595 2547 694 2621 limite,
709 2547 827 2606 evenire
839 2547 940 2623 potuit.
954 2547 990 2606 V.
1003 2530 1137 2608 daiaiilr:
1154 2547 1352 2607 siccaturus.
1365 2565 1395 2622 p.
1409 2549 1482 2609 689.

285 2631 391 2691 Zeuss:
408 2631 637 2693 dieDentschen
647 2633 707 2691 und
717 2631 764 2692 dis
774 2632 1048 2692 Naohbarstamme.
1060 2632 1090 2695 S.
1100 2635 1172 2704 372,
1183 2634 1255 2692 616.
1266 2633 1306 2693 Μ.
1316 2632 1482 2712 Bttdingar:

285 2714 415 2778 Oesterr.
432 2716 609 2778 Gesehiehte
623 2719 647 2790 1,
664 2720 713 2779 78.

834 2935 884 2995 35.

240 3016 263 3078 i.
279 3018 326 3086 iii,
341 3035 410 3078 nerra
425 3017 527 3077 imario.

283 3136 372 3218 Papa
394 3135 570 3217 Gregorius
593 3135 608 3200 l
635 3135 800 3214 ,Maxima
825 3137 857 3200 in
882 3135 999 3201 Salona
1014 3136 1066 3216 qni
1083 3135 1298 3216 episcopatum
1315 3133 1480 3218 arripnit“,

240 3239 295 3320 qui
325 3239 439 3320 ,toties
471 3239 668 3304 admonitus“
694 3241 826 3304 Romam
859 3239 966 3304 venire
996 3239 1193 3324 postposuit,
1225 3239 1283 3303 sed
1311 3256 1481 3319 personam

239 3341 321 3408 mitti
345 3340 492 3407 Salonam
515 3342 696 3425 postulavit,
721 3342 891 3424 praecipit,
924 3348 960 3407 ut
989 3342 1072 3406 intra
1102 3341 1170 3406 dies
1196 3342 1325 3422 triginta
1347 3343 1481 3406 Romam

239 3445 354 3512 ueniat.
381 3446 492 3525 „Quod
507 3463 583 3512 uero
600 3445 729 3525 indicas,
753 3446 972 3511 serenissimos
996 3446 1148 3530 dominor,
1171 3449 1208 3508 nt
1228 3443 1292 3510 illic
1315 3442 1479 3530 (Salonas)

240 3548 355 3616 debeat
376 3567 448 3614 esse
471 3547 623 3631 cognitio,
654 3549 868 3631 praecepisse,
902 3566 960 3613 nos
990 3548 1118 3629 quidem
1142 3547 1247 3615 nullas
1270 3565 1379 3614 eorum
1400 3547 1480 3614 alias

239 3651 279 3718 de
301 3652 362 3718 hac
384 3670 437 3731 re,
461 3651 521 3718 nisi
551 3658 588 3717 ut
615 3653 657 3717 ad
687 3671 745 3716 nos
776 3652 882 3717 venire
912 3652 1046 3730 debeas,
1075 3651 1232 3717 iussiones
1262 3651 1480 3737 accepimus“;

238 3755 310 3822 taIIs
337 3755 452 3834 ,iussio
481 3773 540 3836 per
562 3755 781 3836 obreptionem
804 3752 928 3821 elicita“
954 3760 1049 3835 esset,
1075 3771 1144 3819 cum
1169 3759 1278 3820 notum
1298 3755 1349 3834 sit,
1374 3755 1479 3836 „piisi-
1605 3833 1608 3838 Ι

238 3879 307 3926 mos
330 3857 475 3924 dominos
498 3858 696 3940 dIsciplinam
720 3859 860 3942 diligere,
878 3858 1005 3923 ordines
1022 3875 1159 3938 servare,
1184 3876 1319 3924 canones
1335 3859 1480 3924 venerari

239 3969 328 4029 etse
351 3963 384 4027 in
407 3960 510 4028 musis
536 3962 786 4028 sacerdotalibus
808 3981 871 4027 non
893 3959 1056 4027 miscere“.
1083 3960 1270 4028 Condonare
1294 3962 1479 4042 sequidem

239 4065 431 4153 „secundum
443 4065 598 4132 Iussiones
609 4065 803 4131 serenissimi
813 4064 842 4129 d.
854 4065 1071 4146 imperatoris
1086 4064 1316 4154 culpamquod
1325 4065 1394 4132 sine
1406 4083 1479 4131 con·

236 4189 331 4236 sensu
354 4167 512 4252 pontificis
537 4170 598 4251 „ad
621 4169 850 4234 sacerdotalem
883 4167 1025 4234 ordinem
1056 4168 1233 4234 Inordinate
1256 4166 1478 4250 proruperit‘;

236 4273 293 4340 sed
316 4273 379 4339 alia
405 4269 623 4353 ,inaquisita‘
650 4271 817 4354 praeteriri
840 4291 903 4338 non
925 4276 1068 4353 possunt.
1103 4270 1271 4336 Paulinum
1293 4271 1477 4352 episcopum

236 4381 270 4442 et
291 4375 491 4442 Honoratum
514 4374 667 4441 ecclesiae
691 4375 886 4441 salonitanae
909 4375 1179 4454 archidiaconum,
1212 4375 1264 4455 qui
1287 4393 1306 4438 a
1328 4373 1475 4459 Maximo,

240 4497 315 4560 „pro
339 4494 378 4546 eo
402 4479 487 4560 quod
508 4479 757 4560 praesumptioni
780 4497 857 4545 suae
879 4479 1049 4545 noluerunt
1079 4478 1231 4560 praebere
1254 4479 1474 4560 consensum“,

236 4603 373 4668 ,granea
406 4583 586 4650 molestias“
625 4583 847 4665 perferebant,
883 4583 928 4649 ita
961 4589 997 4648 ut
1030 4582 1112 4648 datis
1146 4579 1377 4649 fideiiusoribus
1411 4581 1476 4647 sint
