<?xml version="1.0" encoding="UTF-8"?>
<!DOCTYPE html PUBLIC "-//W3C//DTD XHTML 1.0 Transitional//EN"
    "http://www.w3.org/TR/xhtml1/DTD/xhtml1-transitional.dtd">
<html xmlns="http://www.w3.org/1999/xhtml" xml:lang="en" lang="en">
 <head>
  <title>
</title>
<meta http-equiv="Content-Type" content="text/html;charset=utf-8" />
  <meta name='ocr-system' content='tesseract 3.04.00' />
  <meta name='ocr-capabilities' content='ocr_page ocr_carea ocr_par ocr_line ocrx_word'/>
</head>
<body>
  <div class='ocr_page' id='page_1' title='image "./documentahistor00ragoog_0506.png"; bbox 0 0 3548 5282; ppageno 0'>
   <div class='ocr_carea' id='block_1_1' title="bbox 220 349 387 414">
    <p class='ocr_par' dir='ltr' id='par_1_1' title="bbox 220 349 387 414">
     <span class='ocr_line' id='line_1_1' title="bbox 220 349 387 414; baseline -0.012 0"><span class='ocrx_word' id='word_1_1' title='bbox 220 381 224 388; x_wconf 56' lang='lat'><em>¹</em></span> <span class='ocrx_word' id='word_1_2' title='bbox 322 349 387 414; x_wconf 78' lang='grc'><strong>476</strong></span> 
     </span>
    </p>
   </div>
   <div class='ocr_carea' id='block_1_2' title="bbox 362 549 1566 895">
    <p class='ocr_par' dir='ltr' id='par_1_2' title="bbox 364 549 1566 810">
     <span class='ocr_line' id='line_1_2' title="bbox 365 549 1566 633; baseline 0 -15"><span class='ocrx_word' id='word_1_3' title='bbox 365 555 470 618; x_wconf 89' lang='lat' dir='ltr'><strong>eodem</strong></span> <span class='ocrx_word' id='word_1_4' title='bbox 492 558 601 617; x_wconf 87' lang='lat' dir='ltr'><strong>eventu</strong></span> <span class='ocrx_word' id='word_1_5' title='bbox 623 555 704 633; x_wconf 85' lang='lat' dir='ltr'><strong>apud</strong></span> <span class='ocrx_word' id='word_1_6' title='bbox 729 556 755 618; x_wconf 88' lang='lat' dir='ltr'><strong>J.</strong></span> <span class='ocrx_word' id='word_1_7' title='bbox 780 555 978 617; x_wconf 80' lang='lat' dir='ltr'><strong>Thurocuium</strong></span> <span class='ocrx_word' id='word_1_8' title='bbox 1004 560 1179 618; x_wconf 84' lang='lat' dir='ltr'><strong>conservata</strong></span> <span class='ocrx_word' id='word_1_9' title='bbox 1202 560 1256 619; x_wconf 88' lang='lat' dir='ltr'><strong>est.</strong></span> <span class='ocrx_word' id='word_1_10' title='bbox 1285 549 1392 631; x_wconf 80' lang='lat' dir='ltr'><strong>Quare</strong></span> <span class='ocrx_word' id='word_1_11' title='bbox 1408 557 1566 620; x_wconf 90' lang='lat' dir='ltr'><strong>dicendum</strong></span> 
     </span>
     <span class='ocr_line' id='line_1_3' title="bbox 364 642 1564 723; baseline 0.001 -17"><span class='ocrx_word' id='word_1_12' title='bbox 364 647 426 723; x_wconf 88' lang='lat' dir='ltr'><strong>est,</strong></span> <span class='ocrx_word' id='word_1_13' title='bbox 454 647 605 704; x_wconf 78' lang='lat' dir='ltr'><strong>auctorem</strong></span> <span class='ocrx_word' id='word_1_14' title='bbox 631 643 680 704; x_wconf 90' lang='lat' dir='ltr'><strong>vel</strong></span> <span class='ocrx_word' id='word_1_15' title='bbox 702 643 894 720; x_wconf 86' lang='lat' dir='ltr'><strong>hungaricam</strong></span> <span class='ocrx_word' id='word_1_16' title='bbox 921 643 1129 704; x_wconf 82' lang='lat' dir='ltr'>documentum</span> <span class='ocrx_word' id='word_1_17' title='bbox 1155 661 1173 704; x_wconf 92' lang='lat' dir='ltr'><strong>e</strong></span> <span class='ocrx_word' id='word_1_18' title='bbox 1195 645 1318 721; x_wconf 88' lang='lat' dir='ltr'><strong>propria</strong></span> <span class='ocrx_word' id='word_1_19' title='bbox 1343 642 1564 708; x_wconf 84' lang='lat' dir='ltr'><strong>combinatione</strong></span> 
     </span>
     <span class='ocr_line' id='line_1_4' title="bbox 364 729 1485 810; baseline 0.003 -21"><span class='ocrx_word' id='word_1_20' title='bbox 364 730 522 789; x_wconf 76' lang='lat' dir='ltr'><strong>adauxisse</strong></span> <span class='ocrx_word' id='word_1_21' title='bbox 538 732 567 790; x_wconf 92' lang='lat' dir='ltr'><strong>et</strong></span> <span class='ocrx_word' id='word_1_22' title='bbox 583 732 723 810; x_wconf 82' lang='lat' dir='ltr'><strong>mutasse,</strong></span> <span class='ocrx_word' id='word_1_23' title='bbox 740 731 788 790; x_wconf 85' lang='lat' dir='ltr'><strong>vel</strong></span> <span class='ocrx_word' id='word_1_24' title='bbox 804 748 875 789; x_wconf 89' lang='lat' dir='ltr'><strong>vero</strong></span> <span class='ocrx_word' id='word_1_25' title='bbox 891 731 1000 805; x_wconf 89' lang='lat' dir='ltr'><strong>scripto</strong></span> <span class='ocrx_word' id='word_1_26' title='bbox 1017 734 1173 804; x_wconf 82' lang='lat' dir='ltr'><strong>praeterea</strong></span> <span class='ocrx_word' id='word_1_27' title='bbox 1187 729 1268 789; x_wconf 88' lang='lat' dir='ltr'><strong>iente</strong></span> <span class='ocrx_word' id='word_1_28' title='bbox 1283 747 1367 790; x_wconf 88' lang='lat' dir='ltr'><strong>usum</strong></span> <span class='ocrx_word' id='word_1_29' title='bbox 1383 731 1485 794; x_wconf 87' lang='lat' dir='ltr'><strong>luisse.</strong></span> 
     </span>
    </p>

    <p class='ocr_par' dir='ltr' id='par_1_3' title="bbox 362 815 1563 895">
     <span class='ocr_line' id='line_1_5' title="bbox 362 815 1563 895; baseline 0.002 -18"><span class='ocrx_word' id='word_1_30' title='bbox 362 831 363 834; x_wconf 72' lang='grc'>’</span> <span class='ocrx_word' id='word_1_31' title='bbox 407 815 564 877; x_wconf 79' lang='lat' dir='ltr'><strong>Caeterum</strong></span> <span class='ocrx_word' id='word_1_32' title='bbox 588 816 789 877; x_wconf 88' lang='lat' dir='ltr'><strong>turbulentum</strong></span> <span class='ocrx_word' id='word_1_33' title='bbox 812 816 960 877; x_wconf 81' lang='lat' dir='ltr'><strong>Svinimiri</strong></span> <span class='ocrx_word' id='word_1_34' title='bbox 974 817 1108 891; x_wconf 79' lang='lat' dir='ltr'><strong>regimen</strong></span> <span class='ocrx_word' id='word_1_35' title='bbox 1123 817 1213 876; x_wconf 87' lang='lat' dir='ltr'><strong>etiam</strong></span> <span class='ocrx_word' id='word_1_36' title='bbox 1229 817 1355 893; x_wconf 88' lang='lat' dir='ltr'><strong>epistola</strong></span> <span class='ocrx_word' id='word_1_37' title='bbox 1370 835 1470 895; x_wconf 87' lang='lat' dir='ltr'><strong>papae</strong></span> <span class='ocrx_word' id='word_1_38' title='bbox 1487 817 1563 879; x_wconf 83' lang='lat' dir='ltr'><strong>Gre-</strong></span> 
     </span>
    </p>
   </div>
   <div class='ocr_carea' id='block_1_3' title="bbox 365 897 1565 1051">
    <p class='ocr_par' dir='ltr' id='par_1_4' title="bbox 365 897 1565 1051">
     <span class='ocr_line' id='line_1_6' title="bbox 365 897 1565 1051; baseline 0.005 -90"><span class='ocrx_word' id='word_1_39' title='bbox 365 903 441 1051; x_wconf 52' lang='lat' dir='ltr'><strong>{ff</strong></span> <span class='ocrx_word' id='word_1_40' title='bbox 464 903 571 1050; x_wconf 56' lang='lat' dir='ltr'><strong>ifflOa.</strong></span> <span class='ocrx_word' id='word_1_41' title='bbox 600 903 682 963; x_wconf 83' lang='grc'><strong>1079</strong></span> <span class='ocrx_word' id='word_1_42' title='bbox 705 900 795 984; x_wconf 83' lang='lat' dir='ltr'><strong>(Acta</strong></span> <span class='ocrx_word' id='word_1_43' title='bbox 816 921 862 965; x_wconf 91' lang='lat' dir='ltr'><strong>nr.</strong></span> <span class='ocrx_word' id='word_1_44' title='bbox 880 905 952 983; x_wconf 80' lang='lat'><strong>107,</strong></span> <span class='ocrx_word' id='word_1_45' title='bbox 968 921 999 981; x_wconf 89' lang='lat' dir='ltr'><strong>p.</strong></span> <span class='ocrx_word' id='word_1_46' title='bbox 1018 897 1093 984; x_wconf 81' lang='lat'>124)</span> <span class='ocrx_word' id='word_1_47' title='bbox 1117 903 1262 981; x_wconf 77' lang='lat' dir='ltr'><strong>indigitat.</strong></span> <span class='ocrx_word' id='word_1_48' title='bbox 1287 903 1323 965; x_wconf 89' lang='lat' dir='ltr'><strong>V.</strong></span> <span class='ocrx_word' id='word_1_49' title='bbox 1340 903 1408 965; x_wconf 84' lang='lat' dir='ltr'><strong>Rad</strong></span> <span class='ocrx_word' id='word_1_50' title='bbox 1424 903 1565 984; x_wconf 84' lang='lat' dir='ltr'>XXVIII,</span> 
     </span>
    </p>
   </div>
   <div class='ocr_carea' id='block_1_4' title="bbox 323 1197 960 1328">
    <p class='ocr_par' dir='ltr' id='par_1_5' title="bbox 323 1197 960 1328">
     <span class='ocr_line' id='line_1_7' title="bbox 323 1197 960 1328; baseline 0 -2"><span class='ocrx_word' id='word_1_51' title='bbox 323 1264 510 1328; x_wconf 83' lang='lat' dir='ltr'><strong>v.ua-1ua</strong></span> <span class='ocrx_word' id='word_1_52' title='bbox 930 1197 960 1260; x_wconf 76' lang='lat'><strong>3&#39;</strong></span> 
     </span>
    </p>
   </div>
   <div class='ocr_carea' id='block_1_5' title="bbox 322 1361 1568 1674">
    <p class='ocr_par' dir='ltr' id='par_1_6' title="bbox 322 1361 1568 1674">
     <span class='ocr_line' id='line_1_8' title="bbox 322 1361 1565 1472; baseline 0.002 -22"><span class='ocrx_word' id='word_1_53' title='bbox 322 1383 511 1471; x_wconf 75' lang='lat' dir='ltr'><strong>Haupariae</strong></span> <span class='ocrx_word' id='word_1_54' title='bbox 525 1383 609 1470; x_wconf 74' lang='lat' dir='ltr'><strong>repis</strong></span> <span class='ocrx_word' id='word_1_55' title='bbox 624 1361 773 1450; x_wconf 60' lang='lat' dir='ltr'><strong>ladislai</strong></span> <span class='ocrx_word' id='word_1_56' title='bbox 786 1384 821 1449; x_wconf 89' lang='lat' dir='ltr'><strong>iu</strong></span> <span class='ocrx_word' id='word_1_57' title='bbox 836 1383 1069 1467; x_wconf 78' lang='lat' dir='ltr'><strong>transalpinam</strong></span> <span class='ocrx_word' id='word_1_58' title='bbox 1085 1381 1266 1449; x_wconf 82' lang='lat' dir='ltr'><strong>Odroatiam</strong></span> <span class='ocrx_word' id='word_1_59' title='bbox 1287 1386 1426 1471; x_wconf 82' lang='lat' dir='ltr'><strong>irruptio</strong></span> <span class='ocrx_word' id='word_1_60' title='bbox 1437 1387 1565 1472; x_wconf 81' lang='lat'><em>(1091).</em></span> 
     </span>
     <span class='ocr_line' id='line_1_9' title="bbox 322 1485 1568 1576; baseline 0.002 -22"><span class='ocrx_word' id='word_1_61' title='bbox 322 1487 435 1556; x_wconf 72' lang='lat' dir='ltr'><strong>Almia</strong></span> <span class='ocrx_word' id='word_1_62' title='bbox 468 1490 667 1556; x_wconf 71' lang='lat' dir='ltr'><strong>constituitur</strong></span> <span class='ocrx_word' id='word_1_63' title='bbox 694 1508 751 1554; x_wconf 82' lang='lat' dir='ltr'><strong>reu</strong></span> <span class='ocrx_word' id='word_1_64' title='bbox 778 1489 813 1554; x_wconf 88' lang='lat' dir='ltr'><strong>iu</strong></span> <span class='ocrx_word' id='word_1_65' title='bbox 844 1486 993 1552; x_wconf 77' lang='lat' dir='ltr'><strong>Curoatia</strong></span> <span class='ocrx_word' id='word_1_66' title='bbox 1022 1485 1128 1554; x_wconf 82' lang='lat' dir='ltr'><strong>Sucia.</strong></span> <span class='ocrx_word' id='word_1_67' title='bbox 1152 1486 1360 1574; x_wconf 50' lang='lat' dir='ltr'><strong>Mummius</strong></span> <span class='ocrx_word' id='word_1_68' title='bbox 1389 1489 1568 1576; x_wconf 77' lang='lat' dir='ltr'><strong>Zapradiaa</strong></span> 
     </span>
     <span class='ocr_line' id='line_1_10' title="bbox 858 1591 1027 1674; baseline -0.012 -18"><span class='ocrx_word' id='word_1_69' title='bbox 858 1591 1027 1674; x_wconf 80' lang='lat' dir='ltr'><strong>fundatur.</strong></span> 
     </span>
    </p>
   </div>
   <div class='ocr_carea' id='block_1_6' title="bbox 321 1711 1568 2838">
    <p class='ocr_par' dir='ltr' id='par_1_7' title="bbox 321 1711 1568 2735">
     <span class='ocr_line' id='line_1_11' title="bbox 366 1711 1562 1798; baseline 0.003 -17"><span class='ocrx_word' id='word_1_70' title='bbox 366 1714 512 1794; x_wconf 81' lang='lat' dir='ltr'><strong>Qualiter</strong></span> <span class='ocrx_word' id='word_1_71' title='bbox 541 1711 664 1798; x_wconf 84' lang='lat' dir='ltr'><strong>Ungari</strong></span> <span class='ocrx_word' id='word_1_72' title='bbox 700 1718 872 1797; x_wconf 88' lang='lat' dir='ltr'><strong>caeperunt</strong></span> <span class='ocrx_word' id='word_1_73' title='bbox 898 1713 1071 1780; x_wconf 89' lang='lat' dir='ltr'><strong>dominium</strong></span> <span class='ocrx_word' id='word_1_74' title='bbox 1102 1715 1284 1782; x_wconf 86' lang='lat' dir='ltr'><strong>Dalmatiae</strong></span> <span class='ocrx_word' id='word_1_75' title='bbox 1315 1720 1350 1783; x_wconf 91' lang='lat' dir='ltr'><strong>et</strong></span> <span class='ocrx_word' id='word_1_76' title='bbox 1381 1712 1562 1784; x_wconf 81' lang='lat' dir='ltr'><strong>Chrestiae.</strong></span> 
     </span>
     <span class='ocr_line' id='line_1_12' title="bbox 321 1816 1565 1907; baseline 0 -20"><span class='ocrx_word' id='word_1_77' title='bbox 321 1820 370 1887; x_wconf 85' lang='lat' dir='ltr'><strong>Eo</strong></span> <span class='ocrx_word' id='word_1_78' title='bbox 393 1836 530 1902; x_wconf 88' lang='lat' dir='ltr'><strong>namque</strong></span> <span class='ocrx_word' id='word_1_79' title='bbox 560 1823 705 1901; x_wconf 89' lang='lat' dir='ltr'><strong>ternpore</strong></span> <span class='ocrx_word' id='word_1_80' title='bbox 735 1836 790 1884; x_wconf 82' lang='lat' dir='ltr'><strong>rex</strong></span> <span class='ocrx_word' id='word_1_81' title='bbox 821 1816 1008 1885; x_wconf 84' lang='lat' dir='ltr'><strong>Svduimirus</strong></span> <span class='ocrx_word' id='word_1_82' title='bbox 1050 1818 1164 1885; x_wconf 91' lang='lat' dir='ltr'><strong>mortis</strong></span> <span class='ocrx_word' id='word_1_83' title='bbox 1194 1818 1338 1886; x_wconf 90' lang='lat' dir='ltr'><strong>debitum</strong></span> <span class='ocrx_word' id='word_1_84' title='bbox 1367 1819 1472 1907; x_wconf 92' lang='lat' dir='ltr'><strong>solvit,</strong></span> <span class='ocrx_word' id='word_1_85' title='bbox 1495 1822 1565 1887; x_wconf 91' lang='lat' dir='ltr'><strong>nul-</strong></span> 
     </span>
     <span class='ocr_line' id='line_1_13' title="bbox 323 1920 1565 2007; baseline 0.002 -19"><span class='ocrx_word' id='word_1_86' title='bbox 323 1924 451 2006; x_wconf 89' lang='lat' dir='ltr'><strong>lumque</strong></span> <span class='ocrx_word' id='word_1_87' title='bbox 473 1941 550 1990; x_wconf 85' lang='lat' dir='ltr'><strong>suae</strong></span> <span class='ocrx_word' id='word_1_88' title='bbox 578 1921 775 2004; x_wconf 84' lang='lat' dir='ltr'><strong>posteritatis</strong></span> <span class='ocrx_word' id='word_1_89' title='bbox 805 1920 976 1989; x_wconf 89' lang='lat' dir='ltr'><strong>haeredem</strong></span> <span class='ocrx_word' id='word_1_90' title='bbox 1008 1921 1147 2005; x_wconf 89' lang='lat' dir='ltr'><strong>reliquit.</strong></span> <span class='ocrx_word' id='word_1_91' title='bbox 1180 1920 1233 1988; x_wconf 84' lang='lat' dir='ltr'><strong>Sic</strong></span> <span class='ocrx_word' id='word_1_92' title='bbox 1254 1940 1332 2007; x_wconf 83' lang='lat' dir='ltr'><strong>ergo</strong></span> <span class='ocrx_word' id='word_1_93' title='bbox 1354 1929 1424 1989; x_wconf 90' lang='lat' dir='ltr'><strong>tota</strong></span> <span class='ocrx_word' id='word_1_94' title='bbox 1445 1925 1565 2006; x_wconf 84' lang='lat' dir='ltr'><strong>regalis</strong></span> 
     </span>
     <span class='ocr_line' id='line_1_14' title="bbox 322 2023 1565 2110; baseline 0.003 -17"><span class='ocrx_word' id='word_1_95' title='bbox 322 2026 483 2110; x_wconf 81' lang='lat' dir='ltr'><strong>sauguinis</strong></span> <span class='ocrx_word' id='word_1_96' title='bbox 506 2023 672 2093; x_wconf 84' lang='lat' dir='ltr'><strong>deliciante</strong></span> <span class='ocrx_word' id='word_1_97' title='bbox 700 2025 862 2109; x_wconf 88' lang='lat' dir='ltr'><strong>prosapia,</strong></span> <span class='ocrx_word' id='word_1_98' title='bbox 882 2042 945 2091; x_wconf 91' lang='lat' dir='ltr'><strong>non</strong></span> <span class='ocrx_word' id='word_1_99' title='bbox 966 2023 1028 2091; x_wconf 87' lang='lat' dir='ltr'><strong>fuit</strong></span> <span class='ocrx_word' id='word_1_100' title='bbox 1049 2025 1185 2093; x_wconf 86' lang='lat' dir='ltr'><strong>ulterius</strong></span> <span class='ocrx_word' id='word_1_101' title='bbox 1211 2027 1265 2110; x_wconf 90' lang='lat' dir='ltr'><strong>qui</strong></span> <span class='ocrx_word' id='word_1_102' title='bbox 1287 2027 1319 2092; x_wconf 93' lang='lat' dir='ltr'><strong>iu</strong></span> <span class='ocrx_word' id='word_1_103' title='bbox 1342 2045 1441 2110; x_wconf 84' lang='lat' dir='ltr'><strong>reguo</strong></span> <span class='ocrx_word' id='word_1_104' title='bbox 1464 2025 1565 2097; x_wconf 81' lang='lat' dir='ltr'><strong>Chro-</strong></span> 
     </span>
     <span class='ocr_line' id='line_1_15' title="bbox 328 2128 1567 2217; baseline 0.001 -20"><span class='ocrx_word' id='word_1_105' title='bbox 328 2135 453 2197; x_wconf 92' lang='lat' dir='ltr'><strong>atorum</strong></span> <span class='ocrx_word' id='word_1_106' title='bbox 475 2131 537 2197; x_wconf 91' lang='lat' dir='ltr'><strong>rite</strong></span> <span class='ocrx_word' id='word_1_107' title='bbox 559 2129 728 2198; x_wconf 86' lang='lat' dir='ltr'><strong>succedere</strong></span> <span class='ocrx_word' id='word_1_108' title='bbox 750 2128 955 2196; x_wconf 86' lang='lat' dir='ltr'><strong>debuisset.³¹</strong></span> <span class='ocrx_word' id='word_1_109' title='bbox 978 2128 1073 2212; x_wconf 82' lang='lat' dir='ltr'><strong>cepa</strong></span> <span class='ocrx_word' id='word_1_110' title='bbox 1100 2130 1208 2211; x_wconf 91' lang='lat' dir='ltr'><strong>itaque</strong></span> <span class='ocrx_word' id='word_1_111' title='bbox 1229 2129 1314 2196; x_wconf 90' lang='lat' dir='ltr'><strong>inter</strong></span> <span class='ocrx_word' id='word_1_112' title='bbox 1343 2149 1453 2199; x_wconf 86' lang='lat' dir='ltr'><strong>omnes</strong></span> <span class='ocrx_word' id='word_1_113' title='bbox 1475 2133 1567 2217; x_wconf 83' lang='lat' dir='ltr'><strong>regui</strong></span> 
     </span>
     <span class='ocr_line' id='line_1_16' title="bbox 322 2231 1568 2318; baseline 0.002 -18"><span class='ocrx_word' id='word_1_114' title='bbox 322 2253 472 2318; x_wconf 88' lang='lat' dir='ltr'><strong>proceres</strong></span> <span class='ocrx_word' id='word_1_115' title='bbox 505 2251 623 2315; x_wconf 84' lang='lat' dir='ltr'><strong>magna</strong></span> <span class='ocrx_word' id='word_1_116' title='bbox 655 2233 812 2300; x_wconf 91' lang='lat' dir='ltr'><strong>discordia</strong></span> <span class='ocrx_word' id='word_1_117' title='bbox 844 2231 998 2317; x_wconf 87' lang='lat' dir='ltr'><strong>suboriri;</strong></span> <span class='ocrx_word' id='word_1_118' title='bbox 1041 2238 1074 2300; x_wconf 92' lang='lat' dir='ltr'><strong>et</strong></span> <span class='ocrx_word' id='word_1_119' title='bbox 1107 2250 1178 2300; x_wconf 91' lang='lat' dir='ltr'><strong>cum</strong></span> <span class='ocrx_word' id='word_1_120' title='bbox 1223 2233 1346 2300; x_wconf 86' lang='lat' dir='ltr'><strong>divisim</strong></span> <span class='ocrx_word' id='word_1_121' title='bbox 1388 2235 1483 2302; x_wconf 92' lang='lat' dir='ltr'><strong>modo</strong></span> <span class='ocrx_word' id='word_1_122' title='bbox 1516 2235 1568 2304; x_wconf 88' lang='lat' dir='ltr'><strong>hic</strong></span> 
     </span>
     <span class='ocr_line' id='line_1_17' title="bbox 322 2335 1566 2423; baseline 0.002 -20"><span class='ocrx_word' id='word_1_123' title='bbox 322 2338 416 2405; x_wconf 91' lang='lat' dir='ltr'><strong>modo</strong></span> <span class='ocrx_word' id='word_1_124' title='bbox 438 2336 493 2404; x_wconf 88' lang='lat' dir='ltr'><strong>ille</strong></span> <span class='ocrx_word' id='word_1_125' title='bbox 514 2336 670 2421; x_wconf 84' lang='lat' dir='ltr'><strong>regnandi</strong></span> <span class='ocrx_word' id='word_1_126' title='bbox 685 2335 856 2404; x_wconf 86' lang='lat' dir='ltr'><strong>ambitione</strong></span> <span class='ocrx_word' id='word_1_127' title='bbox 871 2336 932 2403; x_wconf 91' lang='lat' dir='ltr'><strong>sibi</strong></span> <span class='ocrx_word' id='word_1_128' title='bbox 949 2342 1055 2403; x_wconf 88' lang='lat' dir='ltr'><strong>terrae</strong></span> <span class='ocrx_word' id='word_1_129' title='bbox 1071 2336 1243 2403; x_wconf 91' lang='lat' dir='ltr'><strong>dominium</strong></span> <span class='ocrx_word' id='word_1_130' title='bbox 1258 2338 1452 2423; x_wconf 86' lang='lat' dir='ltr'><strong>vendicaret,</strong></span> <span class='ocrx_word' id='word_1_131' title='bbox 1475 2338 1566 2406; x_wconf 91' lang='lat' dir='ltr'><strong>iunu-</strong></span> 
     </span>
     <span class='ocr_line' id='line_1_18' title="bbox 322 2440 1566 2524; baseline 0.001 -16"><span class='ocrx_word' id='word_1_132' title='bbox 322 2441 491 2509; x_wconf 88' lang='lat' dir='ltr'><strong>merabiles</strong></span> <span class='ocrx_word' id='word_1_133' title='bbox 513 2441 652 2524; x_wconf 87' lang='lat' dir='ltr'><strong>rapinae,</strong></span> <span class='ocrx_word' id='word_1_134' title='bbox 675 2441 909 2524; x_wconf 89' lang='lat' dir='ltr'><strong>praedationes,</strong></span> <span class='ocrx_word' id='word_1_135' title='bbox 934 2440 1049 2508; x_wconf 88' lang='lat' dir='ltr'><strong>caedes</strong></span> <span class='ocrx_word' id='word_1_136' title='bbox 1064 2445 1099 2506; x_wconf 88' lang='lat' dir='ltr'><strong>et</strong></span> <span class='ocrx_word' id='word_1_137' title='bbox 1114 2441 1251 2507; x_wconf 91' lang='lat' dir='ltr'><strong>omnium</strong></span> <span class='ocrx_word' id='word_1_138' title='bbox 1267 2441 1442 2508; x_wconf 81' lang='lat' dir='ltr'><strong>facinorum</strong></span> <span class='ocrx_word' id='word_1_139' title='bbox 1473 2444 1566 2509; x_wconf 90' lang='lat' dir='ltr'><strong>semi-</strong></span> 
     </span>
     <span class='ocr_line' id='line_1_19' title="bbox 321 2542 1564 2631; baseline -0.001 -17"><span class='ocrx_word' id='word_1_140' title='bbox 321 2546 412 2614; x_wconf 90' lang='lat' dir='ltr'><strong>naria</strong></span> <span class='ocrx_word' id='word_1_141' title='bbox 433 2550 648 2626; x_wconf 89' lang='lat' dir='ltr'><strong>emerseruut;</strong></span> <span class='ocrx_word' id='word_1_142' title='bbox 677 2544 758 2613; x_wconf 89' lang='lat' dir='ltr'><strong>alter</strong></span> <span class='ocrx_word' id='word_1_143' title='bbox 780 2545 862 2612; x_wconf 91' lang='lat' dir='ltr'><strong>enim</strong></span> <span class='ocrx_word' id='word_1_144' title='bbox 893 2544 1029 2611; x_wconf 87' lang='lat' dir='ltr'><strong>alterum</strong></span> <span class='ocrx_word' id='word_1_145' title='bbox 1051 2542 1185 2631; x_wconf 90' lang='lat' dir='ltr'><strong>insequi,</strong></span> <span class='ocrx_word' id='word_1_146' title='bbox 1209 2545 1369 2626; x_wconf 87' lang='lat' dir='ltr'><strong>invadere,</strong></span> <span class='ocrx_word' id='word_1_147' title='bbox 1401 2546 1564 2614; x_wconf 87' lang='lat' dir='ltr'><strong>trucidare</strong></span> 
     </span>
     <span class='ocr_line' id='line_1_20' title="bbox 323 2650 732 2735; baseline -0.015 -16"><span class='ocrx_word' id='word_1_148' title='bbox 323 2651 466 2735; x_wconf 90' lang='lat' dir='ltr'><strong>quotidie</strong></span> <span class='ocrx_word' id='word_1_149' title='bbox 489 2669 552 2718; x_wconf 91' lang='lat' dir='ltr'><strong>uon</strong></span> <span class='ocrx_word' id='word_1_150' title='bbox 576 2650 732 2717; x_wconf 88' lang='lat' dir='ltr'><strong>cessabat.</strong></span> 
     </span>
    </p>

    <p class='ocr_par' dir='ltr' id='par_1_8' title="bbox 366 2751 1564 2838">
     <span class='ocr_line' id='line_1_21' title="bbox 366 2751 1564 2838; baseline -0.002 -16"><span class='ocrx_word' id='word_1_151' title='bbox 366 2756 486 2825; x_wconf 88' lang='lat' dir='ltr'><strong>Verum</strong></span> <span class='ocrx_word' id='word_1_152' title='bbox 506 2754 556 2822; x_wconf 87' lang='lat' dir='ltr'><strong>his</strong></span> <span class='ocrx_word' id='word_1_153' title='bbox 577 2754 774 2838; x_wconf 88' lang='lat' dir='ltr'><strong>temporibus</strong></span> <span class='ocrx_word' id='word_1_154' title='bbox 797 2753 901 2820; x_wconf 83' lang='lat' dir='ltr'><strong>extitit</strong></span> <span class='ocrx_word' id='word_1_155' title='bbox 923 2752 1051 2834; x_wconf 91' lang='lat' dir='ltr'><strong>quidam</strong></span> <span class='ocrx_word' id='word_1_156' title='bbox 1074 2771 1113 2818; x_wconf 84' lang='lat' dir='ltr'><strong>ex</strong></span> <span class='ocrx_word' id='word_1_157' title='bbox 1143 2751 1347 2835; x_wconf 83' lang='lat' dir='ltr'><strong>magnatibus</strong></span> <span class='ocrx_word' id='word_1_158' title='bbox 1370 2751 1564 2836; x_wconf 86' lang='lat' dir='ltr'><strong>Sclaveniae,</strong></span> 
     </span>
    </p>
   </div>
   <div class='ocr_carea' id='block_1_7' title="bbox 222 2856 1565 2944">
    <p class='ocr_par' dir='ltr' id='par_1_9' title="bbox 222 2856 1565 2944">
     <span class='ocr_line' id='line_1_22' title="bbox 222 2856 1565 2944; baseline -0.001 -18"><span class='ocrx_word' id='word_1_159' title='bbox 222 2881 225 2888; x_wconf 59' lang='lat'><strong>⁴</strong></span> <span class='ocrx_word' id='word_1_160' title='bbox 323 2859 388 2944; x_wconf 93' lang='lat' dir='ltr'><strong>qui,</strong></span> <span class='ocrx_word' id='word_1_161' title='bbox 412 2876 483 2925; x_wconf 89' lang='lat' dir='ltr'><strong>cum</strong></span> <span class='ocrx_word' id='word_1_162' title='bbox 505 2878 525 2925; x_wconf 93' lang='lat' dir='ltr'><strong>a</strong></span> <span class='ocrx_word' id='word_1_163' title='bbox 547 2859 612 2925; x_wconf 88' lang='lat' dir='ltr'><strong>suis</strong></span> <span class='ocrx_word' id='word_1_164' title='bbox 636 2861 722 2926; x_wconf 87' lang='lat' dir='ltr'><strong>esset</strong></span> <span class='ocrx_word' id='word_1_165' title='bbox 743 2856 975 2924; x_wconf 89' lang='lat' dir='ltr'><strong>contribulibus</strong></span> <span class='ocrx_word' id='word_1_166' title='bbox 1008 2857 1117 2924; x_wconf 89' lang='lat' dir='ltr'><strong>multis</strong></span> <span class='ocrx_word' id='word_1_167' title='bbox 1149 2857 1317 2924; x_wconf 79' lang='lat' dir='ltr'><strong>lacessitus</strong></span> <span class='ocrx_word' id='word_1_168' title='bbox 1339 2857 1462 2924; x_wconf 90' lang='lat' dir='ltr'><strong>iniuriis</strong></span> <span class='ocrx_word' id='word_1_169' title='bbox 1484 2859 1565 2925; x_wconf 92' lang='lat' dir='ltr'><strong>mul·</strong></span> 
     </span>
    </p>
   </div>
   <div class='ocr_carea' id='block_1_8' title="bbox 320 2961 1567 4605">
    <p class='ocr_par' dir='ltr' id='par_1_10' title="bbox 323 2961 1566 3568">
     <span class='ocr_line' id='line_1_23' title="bbox 323 2961 1566 3048; baseline 0 -17"><span class='ocrx_word' id='word_1_170' title='bbox 323 2965 429 3047; x_wconf 84' lang='lat' dir='ltr'><strong>iisque</strong></span> <span class='ocrx_word' id='word_1_171' title='bbox 452 2963 577 3030; x_wconf 89' lang='lat' dir='ltr'><strong>damnis</strong></span> <span class='ocrx_word' id='word_1_172' title='bbox 600 2961 740 3048; x_wconf 88' lang='lat' dir='ltr'><strong>attritus,</strong></span> <span class='ocrx_word' id='word_1_173' title='bbox 763 2980 827 3028; x_wconf 91' lang='lat' dir='ltr'><strong>nou</strong></span> <span class='ocrx_word' id='word_1_174' title='bbox 851 2977 984 3044; x_wconf 90' lang='lat' dir='ltr'><strong>sperans</strong></span> <span class='ocrx_word' id='word_1_175' title='bbox 1008 2962 1101 3030; x_wconf 89' lang='lat' dir='ltr'><strong>aliter</strong></span> <span class='ocrx_word' id='word_1_176' title='bbox 1123 2981 1158 3028; x_wconf 91' lang='lat' dir='ltr'><strong>se</strong></span> <span class='ocrx_word' id='word_1_177' title='bbox 1173 2980 1271 3046; x_wconf 91' lang='lat' dir='ltr'><strong>posse</strong></span> <span class='ocrx_word' id='word_1_178' title='bbox 1292 2961 1391 3029; x_wconf 88' lang='lat' dir='ltr'><strong>tantis</strong></span> <span class='ocrx_word' id='word_1_179' title='bbox 1412 2963 1566 3031; x_wconf 88' lang='lat' dir='ltr'><strong>resistere</strong></span> 
     </span>
     <span class='ocr_line' id='line_1_24' title="bbox 323 3063 1565 3151; baseline -0.001 -17"><span class='ocrx_word' id='word_1_180' title='bbox 323 3069 415 3135; x_wconf 92' lang='lat' dir='ltr'><strong>malis</strong></span> <span class='ocrx_word' id='word_1_181' title='bbox 436 3068 470 3134; x_wconf 91' lang='lat' dir='ltr'><strong>in</strong></span> <span class='ocrx_word' id='word_1_182' title='bbox 491 3067 667 3150; x_wconf 85' lang='lat' dir='ltr'><strong>Ungariam</strong></span> <span class='ocrx_word' id='word_1_183' title='bbox 695 3063 857 3150; x_wconf 88' lang='lat' dir='ltr'><strong>proiectus</strong></span> <span class='ocrx_word' id='word_1_184' title='bbox 880 3070 938 3134; x_wconf 90' lang='lat' dir='ltr'><strong>est.</strong></span> <span class='ocrx_word' id='word_1_185' title='bbox 962 3064 1052 3132; x_wconf 82' lang='lat' dir='ltr'><strong>Tune</strong></span> <span class='ocrx_word' id='word_1_186' title='bbox 1074 3066 1115 3133; x_wconf 91' lang='lat' dir='ltr'><strong>ad</strong></span> <span class='ocrx_word' id='word_1_187' title='bbox 1147 3084 1255 3151; x_wconf 85' lang='lat' dir='ltr'><strong>regem</strong></span> <span class='ocrx_word' id='word_1_188' title='bbox 1275 3065 1493 3134; x_wconf 87' lang='lat' dir='ltr'><strong>Vladislavum</strong></span> <span class='ocrx_word' id='word_1_189' title='bbox 1517 3067 1565 3133; x_wconf 92' lang='lat' dir='ltr'><strong>iu·</strong></span> 
     </span>
     <span class='ocr_line' id='line_1_25' title="bbox 323 3169 1566 3256; baseline -0.001 -18"><span class='ocrx_word' id='word_1_190' title='bbox 323 3191 463 3256; x_wconf 81' lang='lat' dir='ltr'><strong>gressus,</strong></span> <span class='ocrx_word' id='word_1_191' title='bbox 487 3191 560 3242; x_wconf 89' lang='lat' dir='ltr'><strong>eum</strong></span> <span class='ocrx_word' id='word_1_192' title='bbox 582 3170 700 3255; x_wconf 87' lang='lat' dir='ltr'><strong>alloqui</strong></span> <span class='ocrx_word' id='word_1_193' title='bbox 722 3171 815 3253; x_wconf 88' lang='lat' dir='ltr'><strong>cepit,</strong></span> <span class='ocrx_word' id='word_1_194' title='bbox 839 3170 1034 3255; x_wconf 76' lang='lat' dir='ltr'><strong>persuadens</strong></span> <span class='ocrx_word' id='word_1_195' title='bbox 1058 3170 1098 3251; x_wconf 89' lang='lat' dir='ltr'><strong>ei,</strong></span> <span class='ocrx_word' id='word_1_196' title='bbox 1121 3175 1158 3237; x_wconf 90' lang='lat' dir='ltr'><strong>nt</strong></span> <span class='ocrx_word' id='word_1_197' title='bbox 1181 3170 1222 3237; x_wconf 92' lang='lat' dir='ltr'><strong>ad</strong></span> <span class='ocrx_word' id='word_1_198' title='bbox 1253 3170 1441 3254; x_wconf 88' lang='lat' dir='ltr'><strong>capiendum</strong></span> <span class='ocrx_word' id='word_1_199' title='bbox 1464 3169 1566 3237; x_wconf 85' lang='lat' dir='ltr'><strong>Chro-</strong></span> 
     </span>
     <span class='ocr_line' id='line_1_26' title="bbox 324 3273 1563 3362; baseline -0.002 -18"><span class='ocrx_word' id='word_1_200' title='bbox 324 3278 407 3344; x_wconf 88' lang='lat' dir='ltr'><strong>atiae</strong></span> <span class='ocrx_word' id='word_1_201' title='bbox 429 3295 561 3362; x_wconf 77' lang='lat' dir='ltr'><strong>regnum</strong></span> <span class='ocrx_word' id='word_1_202' title='bbox 585 3281 620 3343; x_wconf 90' lang='lat' dir='ltr'><strong>et</strong></span> <span class='ocrx_word' id='word_1_203' title='bbox 641 3293 699 3343; x_wconf 92' lang='lat' dir='ltr'><strong>suo</strong></span> <span class='ocrx_word' id='word_1_204' title='bbox 731 3275 906 3342; x_wconf 88' lang='lat' dir='ltr'><strong>dominatui</strong></span> <span class='ocrx_word' id='word_1_205' title='bbox 934 3273 1166 3360; x_wconf 81' lang='lat' dir='ltr'><strong>subiugandum</strong></span> <span class='ocrx_word' id='word_1_206' title='bbox 1196 3275 1306 3357; x_wconf 84' lang='lat' dir='ltr'><strong>exiret,</strong></span> <span class='ocrx_word' id='word_1_207' title='bbox 1339 3274 1418 3341; x_wconf 87' lang='lat' dir='ltr'><strong>dans</strong></span> <span class='ocrx_word' id='word_1_208' title='bbox 1442 3273 1472 3343; x_wconf 89' lang='lat' dir='ltr'><strong>ei</strong></span> <span class='ocrx_word' id='word_1_209' title='bbox 1493 3276 1563 3358; x_wconf 89' lang='lat' dir='ltr'><strong>ple-</strong></span> 
     </span>
     <span class='ocr_line' id='line_1_27' title="bbox 323 3377 1566 3465; baseline -0.002 -17"><span class='ocrx_word' id='word_1_210' title='bbox 323 3400 397 3448; x_wconf 87' lang='lat' dir='ltr'><strong>nam</strong></span> <span class='ocrx_word' id='word_1_211' title='bbox 419 3380 568 3448; x_wconf 87' lang='lat' dir='ltr'><strong>fiduciam</strong></span> <span class='ocrx_word' id='word_1_212' title='bbox 603 3379 637 3445; x_wconf 92' lang='lat' dir='ltr'><strong>id</strong></span> <span class='ocrx_word' id='word_1_213' title='bbox 659 3378 753 3446; x_wconf 85' lang='lat' dir='ltr'><strong>facile</strong></span> <span class='ocrx_word' id='word_1_214' title='bbox 775 3397 871 3462; x_wconf 85' lang='lat' dir='ltr'><strong>posse</strong></span> <span class='ocrx_word' id='word_1_215' title='bbox 894 3378 1064 3464; x_wconf 87' lang='lat' dir='ltr'><strong>complere,</strong></span> <span class='ocrx_word' id='word_1_216' title='bbox 1087 3397 1159 3446; x_wconf 89' lang='lat' dir='ltr'><strong>eum</strong></span> <span class='ocrx_word' id='word_1_217' title='bbox 1182 3397 1313 3465; x_wconf 83' lang='lat' dir='ltr'><strong>reguum</strong></span> <span class='ocrx_word' id='word_1_218' title='bbox 1328 3377 1407 3444; x_wconf 89' lang='lat' dir='ltr'><strong>illud</strong></span> <span class='ocrx_word' id='word_1_219' title='bbox 1429 3397 1566 3445; x_wconf 85' lang='lat' dir='ltr'><strong>vacuum</strong></span> 
     </span>
     <span class='ocr_line' id='line_1_28' title="bbox 323 3482 1188 3568; baseline -0.002 -16"><span class='ocrx_word' id='word_1_220' title='bbox 323 3489 358 3552; x_wconf 91' lang='lat' dir='ltr'><strong>et</strong></span> <span class='ocrx_word' id='word_1_221' title='bbox 379 3487 447 3553; x_wconf 90' lang='lat' dir='ltr'><strong>siue</strong></span> <span class='ocrx_word' id='word_1_222' title='bbox 469 3485 569 3553; x_wconf 88' lang='lat' dir='ltr'><strong>tutela</strong></span> <span class='ocrx_word' id='word_1_223' title='bbox 591 3483 707 3568; x_wconf 87' lang='lat' dir='ltr'><strong>regalis</strong></span> <span class='ocrx_word' id='word_1_224' title='bbox 730 3482 950 3567; x_wconf 90' lang='lat' dir='ltr'><strong>providentiae</strong></span> <span class='ocrx_word' id='word_1_225' title='bbox 973 3483 1188 3550; x_wconf 88' lang='lat' dir='ltr'><strong>remansisset.</strong></span> 
     </span>
    </p>

    <p class='ocr_par' dir='ltr' id='par_1_11' title="bbox 320 3585 1567 4505">
     <span class='ocr_line' id='line_1_29' title="bbox 366 3585 1565 3672; baseline -0.003 -16"><span class='ocrx_word' id='word_1_226' title='bbox 366 3588 426 3656; x_wconf 91' lang='lat' dir='ltr'><strong>His</strong></span> <span class='ocrx_word' id='word_1_227' title='bbox 450 3606 526 3672; x_wconf 85' lang='lat' dir='ltr'><strong>ergo</strong></span> <span class='ocrx_word' id='word_1_228' title='bbox 557 3587 763 3656; x_wconf 87' lang='lat' dir='ltr'><strong>Vladislavus</strong></span> <span class='ocrx_word' id='word_1_229' title='bbox 792 3607 847 3656; x_wconf 85' lang='lat' dir='ltr'><strong>rex</strong></span> <span class='ocrx_word' id='word_1_230' title='bbox 880 3587 1027 3654; x_wconf 89' lang='lat' dir='ltr'><strong>inductus</strong></span> <span class='ocrx_word' id='word_1_231' title='bbox 1050 3585 1202 3670; x_wconf 89' lang='lat' dir='ltr'><strong>consiliis,</strong></span> <span class='ocrx_word' id='word_1_232' title='bbox 1233 3587 1354 3671; x_wconf 86' lang='lat' dir='ltr'><strong>absque</strong></span> <span class='ocrx_word' id='word_1_233' title='bbox 1381 3604 1470 3654; x_wconf 90' lang='lat' dir='ltr'><strong>mora</strong></span> <span class='ocrx_word' id='word_1_234' title='bbox 1492 3603 1565 3654; x_wconf 89' lang='lat' dir='ltr'><strong>coa·</strong></span> 
     </span>
     <span class='ocr_line' id='line_1_30' title="bbox 325 3690 1564 3776; baseline -0.002 -16"><span class='ocrx_word' id='word_1_235' title='bbox 325 3695 443 3760; x_wconf 91' lang='lat' dir='ltr'><strong>duuato</strong></span> <span class='ocrx_word' id='word_1_236' title='bbox 466 3693 607 3761; x_wconf 84' lang='lat' dir='ltr'><strong>exercitu</strong></span> <span class='ocrx_word' id='word_1_237' title='bbox 629 3691 768 3776; x_wconf 90' lang='lat' dir='ltr'><strong>copioso,</strong></span> <span class='ocrx_word' id='word_1_238' title='bbox 792 3692 880 3758; x_wconf 90' lang='lat' dir='ltr'><strong>venit</strong></span> <span class='ocrx_word' id='word_1_239' title='bbox 902 3697 936 3758; x_wconf 93' lang='lat' dir='ltr'><strong>et</strong></span> <span class='ocrx_word' id='word_1_240' title='bbox 958 3691 1123 3774; x_wconf 90' lang='lat' dir='ltr'><strong>occupavit</strong></span> <span class='ocrx_word' id='word_1_241' title='bbox 1145 3695 1247 3758; x_wconf 89' lang='lat' dir='ltr'><strong>totam</strong></span> <span class='ocrx_word' id='word_1_242' title='bbox 1273 3696 1392 3757; x_wconf 85' lang='lat' dir='ltr'><strong>terram</strong></span> <span class='ocrx_word' id='word_1_243' title='bbox 1414 3709 1435 3756; x_wconf 88' lang='lat' dir='ltr'><strong>a</strong></span> <span class='ocrx_word' id='word_1_244' title='bbox 1457 3690 1564 3758; x_wconf 84' lang='lat' dir='ltr'><strong>Dravo</strong></span> 
     </span>
     <span class='ocr_line' id='line_1_31' title="bbox 324 3794 1565 3880; baseline -0.002 -17"><span class='ocrx_word' id='word_1_245' title='bbox 324 3797 421 3864; x_wconf 92' lang='lat' dir='ltr'><strong>fluvio</strong></span> <span class='ocrx_word' id='word_1_246' title='bbox 444 3815 544 3878; x_wconf 88' lang='lat' dir='ltr'><strong>usque</strong></span> <span class='ocrx_word' id='word_1_247' title='bbox 569 3797 609 3863; x_wconf 92' lang='lat' dir='ltr'><strong>ad</strong></span> <span class='ocrx_word' id='word_1_248' title='bbox 638 3797 739 3880; x_wconf 79' lang='lat' dir='ltr'><strong>alpes„</strong></span> <span class='ocrx_word' id='word_1_249' title='bbox 763 3815 845 3879; x_wconf 90' lang='lat' dir='ltr'><strong>quae</strong></span> <span class='ocrx_word' id='word_1_250' title='bbox 875 3796 1022 3862; x_wconf 89' lang='lat' dir='ltr'><strong>dicuntur</strong></span> <span class='ocrx_word' id='word_1_251' title='bbox 1052 3794 1220 3876; x_wconf 64' lang='lat' dir='ltr'><strong>ferreae,il</strong></span> <span class='ocrx_word' id='word_1_252' title='bbox 1248 3794 1333 3861; x_wconf 90' lang='lat' dir='ltr'><strong>nullo</strong></span> <span class='ocrx_word' id='word_1_253' title='bbox 1365 3795 1456 3862; x_wconf 89' lang='lat' dir='ltr'><strong>obice</strong></span> <span class='ocrx_word' id='word_1_254' title='bbox 1486 3795 1565 3863; x_wconf 87' lang='lat' dir='ltr'><strong>resi·</strong></span> 
     </span>
     <span class='ocr_line' id='line_1_32' title="bbox 324 3898 1567 3983; baseline -0.003 -13"><span class='ocrx_word' id='word_1_255' title='bbox 324 3905 439 3970; x_wconf 83' lang='lat' dir='ltr'><strong>stante.</strong></span> <span class='ocrx_word' id='word_1_256' title='bbox 463 3900 542 3968; x_wconf 90' lang='lat' dir='ltr'><strong>Post</strong></span> <span class='ocrx_word' id='word_1_257' title='bbox 563 3901 643 3968; x_wconf 89' lang='lat' dir='ltr'><strong>haee</strong></span> <span class='ocrx_word' id='word_1_258' title='bbox 672 3899 823 3967; x_wconf 86' lang='lat' dir='ltr'><strong>transivit</strong></span> <span class='ocrx_word' id='word_1_259' title='bbox 852 3898 950 3982; x_wconf 74' lang='lat' dir='ltr'><strong>alpes</strong></span> <span class='ocrx_word' id='word_1_260' title='bbox 975 3905 1009 3966; x_wconf 90' lang='lat' dir='ltr'><strong>et</strong></span> <span class='ocrx_word' id='word_1_261' title='bbox 1031 3899 1136 3983; x_wconf 90' lang='lat' dir='ltr'><strong>caepit</strong></span> <span class='ocrx_word' id='word_1_262' title='bbox 1159 3898 1348 3981; x_wconf 81' lang='lat' dir='ltr'><strong>impugnare</strong></span> <span class='ocrx_word' id='word_1_263' title='bbox 1375 3898 1567 3966; x_wconf 89' lang='lat' dir='ltr'><strong>munitiones</strong></span> 
     </span>
     <span class='ocr_line' id='line_1_33' title="bbox 325 4001 1564 4090; baseline -0.004 -17"><span class='ocrx_word' id='word_1_264' title='bbox 325 4011 358 4074; x_wconf 93' lang='lat' dir='ltr'><strong>et</strong></span> <span class='ocrx_word' id='word_1_265' title='bbox 380 4011 495 4090; x_wconf 88' lang='lat' dir='ltr'><strong>castra,</strong></span> <span class='ocrx_word' id='word_1_266' title='bbox 526 4004 689 4088; x_wconf 87' lang='lat' dir='ltr'><strong>multaque</strong></span> <span class='ocrx_word' id='word_1_267' title='bbox 713 4002 837 4086; x_wconf 88' lang='lat' dir='ltr'><strong>praelia</strong></span> <span class='ocrx_word' id='word_1_268' title='bbox 870 4001 1066 4071; x_wconf 85' lang='lat' dir='ltr'><strong>committere</strong></span> <span class='ocrx_word' id='word_1_269' title='bbox 1096 4021 1168 4069; x_wconf 92' lang='lat' dir='ltr'><strong>cum</strong></span> <span class='ocrx_word' id='word_1_270' title='bbox 1205 4003 1356 4086; x_wconf 81' lang='lat' dir='ltr'><strong>gentibus</strong></span> <span class='ocrx_word' id='word_1_271' title='bbox 1386 4002 1564 4070; x_wconf 72' lang='lat' dir='ltr'><strong>chroatiae.</strong></span> 
     </span>
     <span class='ocr_line' id='line_1_34' title="bbox 322 4105 1566 4189; baseline -0.002 -13"><span class='ocrx_word' id='word_1_272' title='bbox 322 4109 387 4176; x_wconf 90' lang='lat' dir='ltr'><strong>Sed</strong></span> <span class='ocrx_word' id='word_1_273' title='bbox 410 4127 481 4176; x_wconf 89' lang='lat' dir='ltr'><strong>cum</strong></span> <span class='ocrx_word' id='word_1_274' title='bbox 504 4110 586 4176; x_wconf 87' lang='lat' dir='ltr'><strong>alter</strong></span> <span class='ocrx_word' id='word_1_275' title='bbox 616 4108 708 4176; x_wconf 88' lang='lat' dir='ltr'><strong>alteri</strong></span> <span class='ocrx_word' id='word_1_276' title='bbox 728 4126 793 4175; x_wconf 93' lang='lat' dir='ltr'><strong>nou</strong></span> <span class='ocrx_word' id='word_1_277' title='bbox 822 4105 922 4176; x_wconf 88' lang='lat' dir='ltr'><strong>ferret</strong></span> <span class='ocrx_word' id='word_1_278' title='bbox 945 4107 1104 4187; x_wconf 85' lang='lat' dir='ltr'><strong>avvxilium,</strong></span> <span class='ocrx_word' id='word_1_279' title='bbox 1132 4112 1304 4189; x_wconf 88' lang='lat' dir='ltr'><strong>essentque</strong></span> <span class='ocrx_word' id='word_1_280' title='bbox 1335 4106 1426 4173; x_wconf 88' lang='lat' dir='ltr'><strong>divisi</strong></span> <span class='ocrx_word' id='word_1_281' title='bbox 1457 4108 1498 4173; x_wconf 91' lang='lat' dir='ltr'><strong>ab</strong></span> <span class='ocrx_word' id='word_1_282' title='bbox 1520 4107 1566 4173; x_wconf 91' lang='lat' dir='ltr'><strong>in-</strong></span> 
     </span>
     <span class='ocr_line' id='line_1_35' title="bbox 320 4211 1564 4294; baseline -0.002 -16"><span class='ocrx_word' id='word_1_283' title='bbox 320 4215 430 4294; x_wconf 85' lang='lat' dir='ltr'><strong>vicem,</strong></span> <span class='ocrx_word' id='word_1_284' title='bbox 459 4212 582 4280; x_wconf 89' lang='lat' dir='ltr'><strong>iacilem</strong></span> <span class='ocrx_word' id='word_1_285' title='bbox 614 4213 775 4280; x_wconf 89' lang='lat' dir='ltr'><strong>victoriam</strong></span> <span class='ocrx_word' id='word_1_286' title='bbox 807 4231 864 4279; x_wconf 86' lang='lat' dir='ltr'><strong>rev</strong></span> <span class='ocrx_word' id='word_1_287' title='bbox 892 4212 997 4294; x_wconf 90' lang='lat' dir='ltr'><strong>potuit</strong></span> <span class='ocrx_word' id='word_1_288' title='bbox 1027 4213 1182 4278; x_wconf 89' lang='lat' dir='ltr'><strong>obtinere.</strong></span> <span class='ocrx_word' id='word_1_289' title='bbox 1225 4211 1294 4278; x_wconf 89' lang='lat' dir='ltr'><strong>Nee</strong></span> <span class='ocrx_word' id='word_1_290' title='bbox 1323 4215 1431 4279; x_wconf 89' lang='lat' dir='ltr'><strong>tamen</strong></span> <span class='ocrx_word' id='word_1_291' title='bbox 1462 4229 1564 4292; x_wconf 89' lang='lat' dir='ltr'><strong>nsque</strong></span> 
     </span>
     <span class='ocr_line' id='line_1_36' title="bbox 323 4313 1566 4400; baseline -0.003 -17"><span class='ocrx_word' id='word_1_292' title='bbox 323 4318 364 4384; x_wconf 92' lang='lat' dir='ltr'><strong>ad</strong></span> <span class='ocrx_word' id='word_1_293' title='bbox 386 4318 561 4384; x_wconf 88' lang='lat' dir='ltr'><strong>maritimas</strong></span> <span class='ocrx_word' id='word_1_294' title='bbox 584 4316 731 4400; x_wconf 84' lang='lat' dir='ltr'><strong>regiones</strong></span> <span class='ocrx_word' id='word_1_295' title='bbox 754 4318 915 4399; x_wconf 79' lang='lat' dir='ltr'><strong>pervenit,</strong></span> <span class='ocrx_word' id='word_1_296' title='bbox 939 4317 997 4384; x_wconf 91' lang='lat' dir='ltr'><strong>sed</strong></span> <span class='ocrx_word' id='word_1_297' title='bbox 1020 4316 1152 4384; x_wconf 90' lang='lat' dir='ltr'><strong>audiens</strong></span> <span class='ocrx_word' id='word_1_298' title='bbox 1168 4316 1253 4399; x_wconf 91' lang='lat' dir='ltr'><strong>quod</strong></span> <span class='ocrx_word' id='word_1_299' title='bbox 1277 4315 1430 4399; x_wconf 89' lang='lat' dir='ltr'><strong>quaedem</strong></span> <span class='ocrx_word' id='word_1_300' title='bbox 1454 4313 1566 4400; x_wconf 82' lang='lat' dir='ltr'><strong>gens⁸³</strong></span> 
     </span>
     <span class='ocr_line' id='line_1_37' title="bbox 323 4419 1246 4505; baseline -0.004 -17"><span class='ocrx_word' id='word_1_301' title='bbox 323 4422 373 4488; x_wconf 89' lang='lat' dir='ltr'><strong>sui</strong></span> <span class='ocrx_word' id='word_1_302' title='bbox 394 4421 484 4504; x_wconf 84' lang='lat' dir='ltr'><strong>regni</strong></span> <span class='ocrx_word' id='word_1_303' title='bbox 506 4419 586 4489; x_wconf 88' lang='lat' dir='ltr'><strong>fines</strong></span> <span class='ocrx_word' id='word_1_304' title='bbox 609 4421 794 4502; x_wconf 85' lang='lat' dir='ltr'><strong>intraverat,</strong></span> <span class='ocrx_word' id='word_1_305' title='bbox 818 4422 852 4487; x_wconf 91' lang='lat' dir='ltr'><strong>iu</strong></span> <span class='ocrx_word' id='word_1_306' title='bbox 873 4421 1048 4505; x_wconf 82' lang='lat' dir='ltr'><strong>ngariam</strong></span> <span class='ocrx_word' id='word_1_307' title='bbox 1071 4422 1246 4503; x_wconf 86' lang='lat' dir='ltr'><strong>repedavit.</strong></span> 
     </span>
    </p>

    <p class='ocr_par' dir='ltr' id='par_1_12' title="bbox 368 4515 1567 4605">
     <span class='ocr_line' id='line_1_38' title="bbox 368 4515 1567 4605; baseline -0.003 -15"><span class='ocrx_word' id='word_1_308' title='bbox 368 4525 442 4591; x_wconf 85' lang='lat' dir='ltr'><strong>Fuit</strong></span> <span class='ocrx_word' id='word_1_309' title='bbox 464 4531 571 4595; x_wconf 90' lang='lat' dir='ltr'><strong>autem</strong></span> <span class='ocrx_word' id='word_1_310' title='bbox 594 4545 650 4594; x_wconf 82' lang='lat' dir='ltr'><strong>rex</strong></span> <span class='ocrx_word' id='word_1_311' title='bbox 672 4527 733 4594; x_wconf 88' lang='lat' dir='ltr'><strong>iste</strong></span> <span class='ocrx_word' id='word_1_312' title='bbox 756 4544 818 4593; x_wconf 93' lang='lat' dir='ltr'><strong>non</strong></span> <span class='ocrx_word' id='word_1_313' title='bbox 849 4515 952 4592; x_wconf 86' lang='lat' dir='ltr'><strong>solum</strong></span> <span class='ocrx_word' id='word_1_314' title='bbox 974 4525 1070 4593; x_wconf 70' lang='lat' dir='ltr'><strong>umis</strong></span> <span class='ocrx_word' id='word_1_315' title='bbox 1093 4529 1251 4605; x_wconf 87' lang='lat' dir='ltr'><strong>strenuus,</strong></span> <span class='ocrx_word' id='word_1_316' title='bbox 1278 4523 1336 4591; x_wconf 87' lang='lat' dir='ltr'><strong>sed</strong></span> <span class='ocrx_word' id='word_1_317' title='bbox 1359 4521 1510 4605; x_wconf 83' lang='lat' dir='ltr'><strong>religione</strong></span> <span class='ocrx_word' id='word_1_318' title='bbox 1533 4525 1567 4587; x_wconf 90' lang='lat' dir='ltr'><strong>et</strong></span> 
     </span>
    </p>
   </div>
   <div class='ocr_carea' id='block_1_9' title="bbox 324 4623 1561 4716">
    <p class='ocr_par' dir='ltr' id='par_1_13' title="bbox 324 4623 1561 4716">
     <span class='ocr_line' id='line_1_39' title="bbox 324 4623 1561 4716; baseline -0.003 -18"><span class='ocrx_word' id='word_1_319' title='bbox 324 4629 493 4699; x_wconf 83' lang='lat' dir='ltr'><strong>sanctitate</strong></span> <span class='ocrx_word' id='word_1_320' title='bbox 515 4627 658 4714; x_wconf 85' lang='lat' dir='ltr'><strong>insignis.</strong></span> <span class='ocrx_word' id='word_1_321' title='bbox 681 4629 784 4698; x_wconf 87' lang='lat' dir='ltr'><strong>Huius</strong></span> <span class='ocrx_word' id='word_1_322' title='bbox 807 4629 1006 4713; x_wconf 84' lang='lat' dir='ltr'><strong>temporibus</strong></span> <span class='ocrx_word' id='word_1_323' title='bbox 1028 4647 1108 4716; x_wconf 83' lang='lat' dir='ltr'><strong>gens</strong></span> <span class='ocrx_word' id='word_1_324' title='bbox 1136 4628 1285 4713; x_wconf 82' lang='lat' dir='ltr'><strong>Scythica</strong></span> <span class='ocrx_word' id='word_1_325' title='bbox 1304 4627 1338 4696; x_wconf 92' lang='lat' dir='ltr'><strong>in</strong></span> <span class='ocrx_word' id='word_1_326' title='bbox 1358 4623 1561 4694; x_wconf 90' lang='lat' dir='ltr'><strong>multitudiue</strong></span> 
     </span>
    </p>
   </div>
   <div class='ocr_carea' id='block_1_10' title="bbox 0 0 1780 5282">
    <p class='ocr_par' dir='ltr' id='par_1_14' title="bbox 0 0 1780 5282">
     <span class='ocr_line' id='line_1_40' title="bbox 0 0 1780 5282; baseline 0 0"><span class='ocrx_word' id='word_1_327' title='bbox 0 0 1780 5282; x_wconf 95' lang='lat' dir='ltr'><strong> </strong></span> 
     </span>
    </p>
   </div>
  </div>
 </body>
</html>
