3548 5282
314 353 377 420 462

314 575 371 624 vos
393 555 477 638 lecit,
500 559 595 638 atque
619 571 658 619 en
690 552 736 620 eis
759 571 860 636 usque
883 555 923 620 ad
953 554 1067 622 bardis
1098 573 1156 638 per
1178 574 1249 621 eam
1272 557 1444 644 regionem,
1474 574 1557 639 quae

313 680 368 726 sen
398 661 499 743 cepit;
531 677 665 740 cumque
697 662 828 742 propter
856 657 917 723 hoc
947 658 1063 724 Forum
1108 658 1180 724 Iulii
1226 659 1415 742 appellatur,
1464 661 1551 725 iuxta

312 762 417 830 Sclavi
452 763 667 831 vehementius
705 761 913 841 imminerent,
945 760 1111 846 Aquileam
1129 768 1333 830 transcuntes
1354 765 1386 831 in
1413 763 1553 843 istriam,

312 874 346 934 et
367 885 472 936 comes
504 868 595 950 sequi
629 867 803 934 exercitum
835 882 918 932 com·
949 865 1023 932 inde
1045 867 1176 933 tandem
1208 867 1241 932 in
1275 868 1468 934 Dalmatiam
1497 867 1551 934 de·

312 972 495 1055 pelleretur,
535 971 603 1039 erui
639 970 747 1037 oculos
782 969 915 1036 aliorum
948 969 1150 1038 scenderunt.

316 1081 349 1143 et
379 1075 513 1143 aliorum
544 1073 642 1158 pedes
671 1072 793 1140 abscidi
814 1073 916 1152 iussit,
991 1074 1053 1139 Est
1074 1080 1180 1142 autem
1204 1075 1364 1142 Dalmatia
1385 1075 1481 1159 longe
1500 1095 1556 1158 pa·

315 1183 349 1247 et
371 1197 484 1247 nasum
500 1185 534 1245 et
548 1195 661 1244 manus
675 1177 807 1244 aliorum
831 1181 919 1242 trun·
938 1181 1021 1252 ¹torm
1051 1179 1139 1262 regio
1173 1179 1257 1245 inter
1291 1177 1490 1262 Hungariam
1523 1186 1558 1246 et

316 1285 381 1351 cari
410 1283 588 1366 praecepit;
627 1287 663 1348 ut
703 1281 810 1348 taliter
848 1280 919 1347 aliis
949 1280 1145 1348 Adriaticum
1178 1301 1266 1349 mare
1300 1283 1381 1364 sita,
1419 1288 1557 1366 quatuor

317 1387 478 1455 deterritis
519 1393 553 1452 et
585 1385 703 1452 doloris
737 1383 916 1467 cognitione
946 1383 1068 1452 habens
1091 1387 1303 1468 metropoles:
1334 1386 1502 1454 Jazaram⁵
1524 1391 1558 1453 et

316 1491 477 1574 occupatis
506 1508 618 1557 secure
641 1506 748 1556 comes
776 1487 917 1572 effugere
948 1487 1106 1575 Salonam,
1122 1507 1204 1572 quae
1221 1491 1283 1557 alio
1298 1491 1425 1557 nomine
1441 1491 1557 1557 dicitur

314 1614 386 1662 aum
422 1594 516 1662 sociis
547 1593 614 1660 suis
643 1596 763 1675 posset.
804 1592 918 1674 Itaque
949 1591 1123 1675 Spalatum,
1136 1593 1314 1660 Antibarim
1329 1595 1554 1680 etRagusam3

315 1717 373 1781 per
395 1698 447 1764 dei
470 1697 606 1782 gratiam
628 1697 669 1764 da
683 1695 794 1763 mortis
818 1713 918 1777 angu-
950 1692 1068 1778 populo
1104 1696 1317 1788 ferocissimo,
1363 1698 1484 1781 rapinis
1521 1703 1556 1766 et

316 1803 380 1870 stia
401 1807 434 1868 et
465 1801 512 1869 de·
535 1800 596 1868 loci
628 1799 815 1867 difficultate
837 1799 915 1866 libe·
949 1799 1101 1867 caedibus
1116 1805 1257 1880 assueto,
1267 1801 1459 1882 inhabitata;
1466 1820 1555 1878 mon-

317 1911 405 1973 ratus
428 1911 488 1972 est.
950 1904 1037 1969 tibus
1068 1911 1101 1971 et
1129 1905 1244 1987 sylvis,
1272 1907 1395 1989 magnis
1430 1923 1558 1988 quoque

361 2009 574 2088 Quantavero
591 2006 780 2074 fortitudine
797 2011 830 2074 et
845 2024 918 2073 oon-
950 2004 1141 2088 fluminibus,
1172 2010 1297 2092 pascuis
1330 2010 1427 2075 etiam
1461 2009 1557 2093 longe

317 2113 389 2180 silio
412 2130 517 2178 comes
539 2111 583 2177 ibi
605 2110 765 2188 claruerit,
789 2127 852 2177 uon
873 2109 921 2175 la·
953 2109 1082 2191 lateque
1104 2109 1227 2178 diffusis
1250 2119 1405 2194 occupata
1427 2113 1555 2194 penitus

318 2215 378 2282 eile
401 2215 602 2281 referendum
619 2217 677 2280 est.
705 2212 922 2296 Quadraginta
951 2212 998 2278 ita
1034 2224 1070 2278 ut
1111 2233 1218 2282 raram
1252 2215 1371 2282 habeat
1406 2234 1557 2296 agrorum

321 2320 439 2384 etenim
482 2317 549 2385 fere
583 2316 652 2385 dies
685 2317 718 2381 in
755 2315 922 2384 Sclavenia
950 2317 1117 2398 culturam,
1136 2318 1278 2386 locorum
1297 2319 1409 2386 incolis
1429 2319 1462 2384 in
1484 2338 1556 2400 gre·

317 2421 443 2503 luimus,
465 2422 498 2485 in
527 2420 641 2502 quibus
663 2425 785 2486 tantam
807 2420 914 2502 spissi·
944 2419 1038 2504 gibus
1067 2428 1109 2487 et¹
1123 2421 1275 2489 armentis
1298 2441 1422 2488 omnem
1446 2423 1556 2489 riven-

322 2525 469 2591 tudinem
487 2523 674 2591 nebularum
687 2523 774 2605 passi
800 2543 920 2605 sumus,
952 2524 984 2590 di
1024 2525 1216 2592 habentibus
1253 2522 1417 2606 fiduciam3
1446 2543 1559 2607 excep·

320 2634 355 2695 ot
376 2628 509 2710 palpare
539 2633 574 2693 et
594 2645 651 2709 per
672 2631 792 2693 motum
821 2645 923 2694 remo·
952 2629 994 2694 tis
1017 2628 1135 2710 paucis,
1159 2629 1266 2709 quiin
1297 2628 1362 2694 oris
1391 2629 1555 2696 maritimis

320 2751 396 2798 vere
411 2750 466 2798 aas
483 2752 502 2798 a
518 2730 608 2798 nobis
624 2730 826 2812 aliquatenus
850 2748 924 2813 pos·
955 2730 1111 2816 habitant,
1136 2731 1191 2813 qui
1212 2731 1253 2798 ab
1275 2732 1348 2798 aliis
1364 2737 1399 2799 et
1419 2731 1560 2799 moribus

319 2853 435 2904 semus.
458 2835 546 2902 Inter
567 2833 648 2900 haec
662 2851 769 2901 comes
791 2836 921 2902 assidue
951 2841 983 2901 et
1009 2835 1118 2918 lingua
1148 2835 1317 2902 dissimiles
1348 2835 1481 2902 latinum
1503 2835 1559 2902 ha·

318 2941 351 3005 in
367 2939 536 3021 postremis
551 2955 705 3022 pugnans,
730 2957 854 3021 semper
868 2956 924 3021 po·
955 2938 1033 3006 bent
1062 2938 1188 3020 idioma,
1218 2938 1350 3022 reliquis
1380 2939 1560 3007 sclavonico

319 3043 429 3127 pulum
451 3040 626 3109 defendens
649 3047 735 3126 erat,
759 3060 920 3125 nunquam
952 3060 1097 3108 sermone
1120 3043 1283 3110 utentibus
1303 3050 1337 3109 et
1352 3043 1464 3111 habitu
1485 3043 1560 3110 bar·

318 3147 406 3230 prior
429 3145 487 3212 sed
510 3163 636 3226 semper
657 3145 787 3211 ultimus
813 3144 921 3227 hospi·
953 3145 1114 3212 barorum.

323 3252 462 3318 labatur.
504 3249 548 3314 Et
578 3249 654 3314 licet
687 3248 741 3313 alii
782 3248 922 3330 meridie,
998 3247 1090 3314 Hanc
1134 3248 1232 3332 igitur
1265 3249 1400 3332 ingressi
1433 3250 1561 3332 provin-

319 3354 372 3419 alii
415 3370 557 3435 vespere,
592 3369 697 3420 comes
735 3350 920 3433 frequenter
951 3352 1031 3418 ciam
1053 3353 1186 3418 multam
1214 3353 1404 3419 invenerunt
1433 3352 1561 3420 itineris

319 3457 424 3524 media
450 3461 543 3522 nocte
577 3456 629 3520 vel
651 3454 728 3537 galli
756 3459 850 3522 canto
880 3456 921 3520 ad
952 3455 1180 3534 difficultatem,
1204 3455 1557 3538 maximepropterbie-

321 3559 493 3642 hospitium
516 3558 674 3626 veniebat.
699 3557 841 3624 Tandem
866 3578 923 3641 per
956 3560 1017 3624 mis
1032 3559 1215 3625 instantiam
1228 3565 1261 3624 et
1275 3559 1418 3626 locorum
1432 3561 1561 3625 nimiam

322 3665 374 3731 dei
395 3662 643 3728 misericordiam
670 3669 703 3728 et
725 3662 849 3729 comitis
880 3663 925 3728 la·
956 3663 1234 3747 inaequalitatem
1258 3663 1315 3729 sed
1339 3671 1372 3730 et
1401 3663 1504 3730 victus
1527 3671 1562 3732 et

321 3769 431 3834 berem
454 3773 487 3832 et
508 3763 664 3848 episcopi²
687 3766 851 3833 consilium
882 3767 927 3832 sic
957 3766 1180 3832 alimentorum
1204 3765 1400 3833 sustinentes
1430 3785 1562 3850 gravem

321 3869 479 3937 exercitus
525 3869 688 3952 transivit,
734 3876 770 3936 ut
807 3869 928 3936 nullum
959 3868 1119 3936 defectum
1134 3869 1309 3952 periculose
1326 3870 1404 3936 satis
1419 3889 1476 3952 per
1492 3870 1562 3936 dies

320 3973 414 4052 lame,
438 3974 558 4039 nullum
580 3974 613 4038 in
636 3980 749 4056 aperta
778 3992 926 4056 congras-
956 3973 1079 4054 aliquot
1115 3974 1342 4040 laboraverunt
1364 3973 1478 4040 inedia
1501 3974 1563 4041 Lo·

320 4079 410 4145 sione
441 4078 485 4145 ibi
515 4077 731 4160 perderemus.
764 4075 814 4144 Ob
844 4077 931 4143 illam
962 4095 1070 4145 corum
1093 4095 1170 4144 sane
1202 4077 1411 4159 habitatores,
1442 4079 1563 4145 relictis

319 4199 394 4248 reor
416 4198 544 4247 causam
574 4181 674 4248 voluit
696 4182 775 4249 deus
804 4181 924 4247 exerci-
953 4181 1086 4249 urbibus
1108 4188 1141 4248 et
1163 4181 1340 4263 praesidiis,
1372 4182 1413 4249 ad
1435 4189 1561 4250 montes

321 4292 388 4350 tum
418 4303 510 4351 suum
542 4285 681 4351 transire
710 4303 768 4367 per
800 4283 929 4352 Sclaro-
959 4290 993 4351 et
1022 4286 1181 4368 sylvarum
1205 4286 1364 4353 condensa
1387 4305 1458 4352 cum
1485 4305 1563 4353 uro·

321 4390 415 4474 niam,
439 4399 475 4454 ut
498 4393 662 4472 aggrestes
692 4388 846 4474 homines,
878 4389 930 4470 qui
961 4389 1049 4455 ribus
1086 4394 1120 4454 et
1153 4389 1261 4457 liberis
1297 4394 1331 4456 et
1366 4407 1437 4456 cum
1478 4389 1564 4456 omni

323 4492 417 4558 deum
440 4492 637 4574 ignorabant,
661 4491 787 4577 cognita
809 4493 927 4560 virtute
958 4494 1144 4576 substantia,
1169 4494 1260 4576 quasi
1276 4499 1442 4578 aggrestes
1464 4493 1564 4576 ferae,

325 4601 360 4694 et
392 4595 548 4681 patientia
585 4591 719 4668 militum
756 4597 837 4682 eius,
877 4601 934 4665 aut
963 4595 1120 4682 fugientes
1143 4603 1323 4669 nostrorum
1351 4597 1567 4670 formidabant
