3494 5410
585 523 837 652 saa.

178 683 200 746 l.
215 703 235 746 a
251 687 304 746 1111.
320 685 409 746 llnirii.

223 803 347 872 Slerizo
370 823 425 870 rex
447 823 517 870 curn
540 805 634 870 Petro
658 805 739 870 bano
761 811 794 871 et
817 803 941 871 Saruba
955 807 1081 887 iupauo,
1104 803 1224 870 eisdem
1252 802 1409 881 „residen-

176 909 263 975 tibus
284 909 315 973 iu
339 909 473 975 ecclesia
495 927 519 974 s.
541 909 644 986 Petri,
677 926 738 990 que
770 917 820 975 est
842 910 874 973 in
904 905 1043 975 Olmisi‘“
1077 907 1188 974 definit
1218 908 1305 974 litem
1327 907 1410 972 inter

179 1012 309 1078 Petrum
332 995 428 1077 demi
449 1018 482 1078 61
504 1011 691 1097 Tugaranos
707 1012 747 1078 de
762 1012 922 1078 territorio
947 1031 986 1098 „a
1000 1012 1099 1078 saline
1114 1029 1216 1092 usquo
1230 1010 1271 1077 ad
1285 1011 1410 1076 uincam

177 1114 387 1183 bbtocossef‘

265 1223 341 1283 Vide
356 1241 399 1283 nr.
420 1225 490 1284 111.

269 1309 295 1370 J.
313 1309 437 1370 Lucius:
454 1310 492 1370 de
506 1327 598 1386 regno
613 1311 710 1372 Dalm.
727 1314 758 1371 ot
772 1309 869 1371 Oroat.
885 1311 936 1370 lib.
953 1311 991 1388 ΙΙ,
1008 1328 1034 1372 6.
1053 1312 1101 1370 10.
1118 1327 1148 1387 p.
1166 1309 1215 1370 85.

179 1675 203 1734 l.
218 1675 274 1746 lut,
288 1693 357 1736 6666
372 1675 483 1738 ruoulri.
497 1675 583 1754 lpulsti.
751 1568 840 1643 83.

180 1809 438 1896 Arabiepiocopus
473 1811 646 1897 Gerordus,
672 1833 778 1898 papae
811 1813 957 1898 Greporii
985 1809 1059 1876 VII.
1083 1813 1205 1896 6116666,
1227 1813 1412 1876 ramacieto

179 1935 206 1980 a.
233 1915 425 2001 cua-ysopum
446 1915 586 1983 Joderoe
607 1918 717 1983 cellam
739 1940 763 1984 s.
787 1916 923 1982 Jooaois
938 1919 971 1981 in
987 1916 1092 2001 Silopo
1114 1918 1228 1981 viterum
1242 1915 1411 1999 corofirotol.

225 2039 262 2103 In
285 2057 366 2104 anno
389 2039 555 2106 millesimo
578 2063 663 2104 uxrr
690 2040 730 2105 ab
745 2039 962 2106 incarnacione
977 2039 1093 2106 domini
1111 2039 1210 2104 nostri
1228 2037 1306 2103 Jesu
1324 2035 1412 2103 Ghri·

181 2144 233 2223 sti,
257 2160 366 2210 mense
388 2144 577 2211 nouembn‘s.
611 2144 661 2210 Ea
683 2149 888 2228 tempestate,
920 2162 983 2226 qua
1013 2162 1118 2210 comes
1147 2142 1274 2210 Amicus
1305 2161 1413 2226 regem

181 2245 364 2332 C(h)roacie
387 2251 479 2332 cepit.
502 2247 571 2332 Ego
587 2247 751 2331 Girardus,
774 2255 883 2316 sancte
899 2267 1026 2317 romane
1049 2247 1182 2316 ecclesie
1204 2249 1413 2331 apocrisarius

182 2354 404 2436 sipontineque
427 2353 512 2422 sedis
535 2355 641 2437 gracia
663 2355 715 2422 dei
737 2355 944 2438 archipresul,
968 2354 1081 2421 missus
1103 2374 1123 2420 a
1146 2354 1270 2420 domino
1293 2354 1414 2438 Grego-

184 2459 233 2525 rio
256 2477 341 2542 papa
361 2465 470 2543 partes
492 2461 524 2526 in
547 2461 636 2540 istas,
663 2462 759 2527 statui
784 2466 924 2527 sanctam
949 2460 1101 2542 synodum
1117 2459 1271 2541 spalatina
1288 2459 1320 2524 in
1337 2460 1415 2526 urbe

182 2563 298 2631 sedens
314 2567 463 2632 uniuerso
479 2583 549 2630 cum
565 2571 646 2646 cetu,
670 2565 798 2632 firmans
820 2584 907 2644 uera,
931 2581 1096 2629 exsecrans
1118 2563 1236 2645 illicita,
1261 2583 1414 2647 respuens

180 2668 376 2734 falsatum
402 2671 434 2733 in
459 2668 538 2736 hora
559 2670 640 2752 (illa)
666 2671 789 2754 Petrus,
813 2667 1006 2734 uenerabilis
1032 2668 1131 2734 abbas
1158 2669 1256 2733 sancti
1284 2667 1414 2736 Chriso-

182 2777 266 2858 goni‚
283 2781 472 2857 conquestus
495 2783 545 2842 est
566 2777 606 2840 de
629 2775 709 2841 cella
738 2774 838 2841 sancti
861 2774 1014 2841 Johanuis
1038 2773 1114 2857 (sita
1135 2774 1168 2838 in
1191 2769 1317 2856 insula),
1352 2792 1414 2857 que

183 2881 279 2965 uulgo
303 2879 427 2964 Silagus
449 2880 634 2961 nominatur,
662 2879 746 2962 quod
763 2897 839 2945 suus
859 2879 1032 2962 episcopus,
1057 2878 1204 2945 uidelicet
1219 2878 1412 2961 Stephanus,

182 2985 269 3052 illam
293 2987 354 3052 sibi
376 2985 559 3052 abstulerat
582 2986 676 3052 Unde
700 2985 798 3052 abbas
821 2985 912 3051 nobis
935 2983 1088 3049 cartulam
1111 2985 1260 3066 porrexit,
1296 2985 1328 3050 in
1351 3004 1415 3067 qua

182 3091 369 3170 inuerrimus
390 3091 476 3172 quod
491 3091 661 3170 Grubina‚¹
684 3109 745 3172 que
761 3091 835 3157 olirn
853 3108 949 3171 supra
965 3075 1079 3154 dictarn
1097 3089 1208 3155 cellam
1226 3109 1284 3156 sua
1301 3095 1414 3172 sponte

183 3305 311 3383 gestum
334 3305 383 3367 est
403 3305 546 3383 tempore
570 3299 743 3366 Tcuzonisi
766 3301 861 3382 legati
881 3299 997 3364 domini
1013 3297 1134 3364 Nicolai
1150 3317 1240 3380 pape.
1266 3297 1328 3364 Sed
1351 3299 1413 3364 dic·

183 3411 236 3472 tus
267 3405 494 3488 apocrisarius
526 3406 636 3472 uidens
665 3405 726 3470 hoc
756 3411 824 3470 arte
855 3403 1010 3470 diabolica
1040 3402 1210 3469 machinari
1241 3401 1352 3478 audax,
1381 3406 1417 3466 61

184 3511 343 3594 scriptura
364 3517 515 3576 testatur:
543 3512 661 3590 „iustus
684 3507 813 3575 confidit
835 3514 871 3572 ut
893 3508 975 3585 leo“‚
1000 3505 1164 3570 inuestiuit
1186 3505 1336 3570 abbatem
1360 3523 1417 3586 per

183 3617 342 3694 baculum,
366 3635 457 3697 quem
481 3616 627 3698 gestabat
649 3633 753 3693 manu,
777 3611 904 3678 Nicola³
926 3611 1031 3692 priore
1055 3608 1246 3676 concedente
1270 3626 1339 3674 oum
1358 3627 1416 3674 suo

182 3723 319 3806 populo;
344 3721 515 3802 etinsuper
530 3727 656 3786 eternas
673 3716 910 3783 maledictiones
933 3715 1047 3780 futuris
1064 3715 1304 3796 usurpatoribus
1319 3713 1417 3780 dedit.

184 3828 252 3910 Ego
268 3831 375 3892 autern
388 3826 499 3892 uidens
513 3824 573 3890 sibi
589 3824 731 3907 (1616616
743 3820 820 3902 fieri,
838 3829 871 3886 et
883 3839 974 3886 omne
986 3820 1149 3886 consilium
1162 3837 1277 3904 meum,
1291 3837 1416 3885 rursum

183 3933 377 4018 precipimus
392 3949 450 3996 suo
467 3931 585 4012 presuli
600 3929 752 3995 inuestire
772 3928 920 3993 abbatem
935 3923 995 4010 (et)
1019 3926 1182 3992 cenobium
1200 3923 1268 4008 (de)
1284 3943 1342 3990 sua
1364 3925 1419 3990 illa

185 4037 320 4126 (cella)⁴‚
345 4056 403 4119 per
425 4035 550 4118 pedum,
583 4034 667 4116 quod
689 4052 784 4098 nrauu
807 4032 961 4113 portabat.
998 4029 1293 4095 Contradicentibus
1315 4035 1420 4094 autem

186 4151 298 4211 nostra
319 4143 419 4208 uerba
433 4142 492 4207 hec
514 4147 545 4207 et
569 4139 694 4205 auterre
720 4137 899 4203 uolentibus
915 4141 987 4217 post
1002 4136 1095 4200 noxia
1118 4135 1215 4200 uerba
1226 4133 1311 4199 illius
1334 4131 1421 4198 missi

187 4249 301 4332 prioris
325 4247 547 4326 collaudamus,
572 4250 605 4310 et
627 4251 736 4310 nostra
758 4243 886 4323 insuper
912 4240 1083 4321 posuimus.
1110 4239 1302 4305 Laurrncius
1318 4236 1418 4303 archi-

185 4354 295 4436 presul
311 4351 470 4418 collaudat
484 4355 518 4417 et
533 4350 672 4429 roborat,
696 4347 858 4414 lohannes
880 4345 1061 4428 tragurinus
1078 4345 1244 4426 episcopus
1260 4341 1419 4408 collauda·

187 4459 243 4538 uit,
266 4457 467 4523 Prostaucius
496 4451 729 4538 belgradensis⁵
759 4441 926 4534 episcopus
956 4447 1157 4514 collaudauit.
1181 4446 1419 4528 1316661666-

189 4563 291 4628 nodus
315 4561 475 4628 collaudat
497 4566 530 4626 et
552 4560 690 4626 roborat.

279 4669 527 4744 Transsumptnm
543 4667 690 4744 quondum
705 4666 734 4724 in
748 4663 870 4726 archivo
884 4660 1053 4722 monasterii
1067 4677 1091 4720 6.
1106 4658 1228 4720 loannis
1242 4657 1377 4738 (comae
1390 4660 1422 4718 ot

1299 4757 1318 4792 1·
