3520 5422
153 588 176 653 d.
192 607 213 651 a
228 589 287 650 tus.
311 583 463 653 Svinimir
486 609 544 652 rex
563 587 755 652 monasterio
776 609 802 650 s.
817 584 975 652 Johannis
991 584 1142 671 Belgradi
1156 607 1228 652 con·

201 675 305 740 firmat
322 671 539 760 ,libertatcm“
552 696 573 738 a
583 673 826 760 praedecessore
840 695 898 738 suo
912 671 1081 738 Oresimiro
1096 671 1141 738 illi
1156 693 1229 738 con·

199 783 333 845 cessam,
357 782 415 826 nec
430 783 494 826 non
511 783 621 826 omnes
644 771 754 843 terras,
777 780 857 846 quas
872 758 1021 844 possidet,
1045 759 1230 846 praeprimis

203 851 255 934 „in
277 848 413 934 Rogoua
435 857 467 914 et
488 846 627 931 Virbipa.
651 870 699 912 nr.
725 851 775 909 93.

154 935 176 1000 i.
197 935 289 1001 siut.
311 934 425 1000 Petrus
448 914 534 1000 (lma
557 955 663 999 coram
681 932 823 1018 „Jacobo
845 932 1058 998 marianorum
1081 929 1180 998 duce“
1197 942 1229 998 ct

203 1023 272 1087 aliis
295 1022 428 1087 testibus
461 1023 519 1086 init
547 1042 619 1086 cum
643 1018 815 1085 Miroslavo
842 1027 875 1084 at
898 1041 938 1083 ue
960 1017 1032 1084 filiis
1054 1017 1228 1104 Michaelis,

202 1107 331 1174 Oedeno
360 1120 393 1174 et
415 1107 546 1190 Chvalo,
573 1041 900 1194 „couventionem“d

900 1127 918 1169 e
940 1108 1042 1187 terris,
1065 1128 1145 1191 quas
1161 1108 1230 1192 ipae

202 1194 393 1260 Miroslavus
415 1193 516 1260 sidem
541 1193 747 1280 „subtrahere
769 1189 926 1258 volebat“.
951 1215 998 1256 nr.
1023 1197 1074 1255 94.

156 1283 254 1354 altu,
269 1284 292 1343 u
307 1284 386 1344 ursii.
410 1277 562 1348 Svinimir
584 1302 641 1346 rex
663 1279 821 1346 nobilibus
843 1279 964 1344 insulae
987 1277 1115 1344 Bratiae
1148 1300 1227 1344 mer·

201 1369 294 1434 candi
316 1368 495 1433 libertatem
519 1365 671 1432 concedit.
695 1389 742 1431 nr.
768 1371 818 1429 95.

156 1457 178 1520 d.
195 1476 215 1519 a
230 1457 356 1518 tore-u.
379 1453 607 1520 Monasterium
631 1475 654 1518 s.
680 1451 815 1518 Joannis
839 1449 1031 1539 Belgradia
1072 1453 1146 1518 uirit
1167 1461 1228 1519 ter-

201 1565 254 1607 ras
277 1541 337 1607 sub
358 1541 473 1607 abbate
496 1541 592 1606 Petro
615 1542 647 1604 in
670 1537 831 1620 Hrauni,
853 1538 987 1616 deltam,
1007 1474 1134 1623 Dm,
1152 1537 1228 1606 Ser·

201 1631 280 1781 dt
304 1623 1116 1800 biilssi'dliltGilssrbi⁰ldliil‘i⁰rl
1134 1625 1228 1780 itit

279 1767 289 1800 ’
384 1803 417 1866 in
439 1800 521 1866 valle
545 1763 684 1883 Sustida,
708 1802 741 1864 in
763 1761 896 1864 Kutduo
918 1808 951 1864 et
973 1763 1162 1865 sub'monte
1185 1823 1227 1865 ss.

231 1910 339 1954 osmae
360 1899 392 1954 et
414 1887 562 1953 Damiaui
583 1885 625 1952 ad
646 1884 851 1973 Belgrsdum.
874 1909 921 1951 nr.
946 1889 996 1950 96.

158 1979 183 2042 l.
198 1978 312 2041 tiit-t.
327 1976 420 2038 Meus.
443 1971 634 2040 Svinimirus
649 1995 707 2038 rex
722 1975 912 2039 monasterio
927 1995 953 2036 s.
970 1971 1133 2040 Benedicti
1149 1969 1229 2060 Spa·

203 2063 260 2129 lati
282 2061 426 2129 concedit
447 2062 638 2127 tenitorium
661 2059 791 2126 Pustica
812 2061 846 2124 in
866 2058 997 2124 Lazani.
1022 2081 1071 2124 nr.
1095 2063 1145 2122 et.

158 2154 185 2215 l.
200 2152 257 2223 tut
272 2153 287 2211 l
301 2153 344 2214 iu.
359 2150 445 2212 lousa
468 2149 556 2233 Papa
578 2144 755 2232 Gregorius
776 2144 846 2211 VH
867 2144 1015 2211 Michaeli
1043 2142 1229 2211 Sclavorum

204 2236 408 2322 (Serborum)
429 2236 497 2321 regi
511 2232 692 2321 respondet,
715 2233 965 2318 discrepantibus
982 2255 1001 2297 a
1016 2233 1112 2315 Petri,
1136 2234 1231 2320 legati

205 2326 270 2403 sui,
301 2323 536 2389 renunciatione
566 2323 633 2387 eius
662 2321 775 2386 litteris
807 2322 903 2386 statui
930 2343 994 2385 non
1022 2322 1162 2406 potuisse
1192 2318 1232 2385 de

204 2411 333 2496 vexillo,
357 2411 503 2496 palioque
526 2409 676 2476 ecclesiae
698 2408 889 2495 Ragrrsanse
911 2408 1025 2492 petitis.
1048 2405 1150 2474 Jubet
1172 2405 1230 2472 Pe·

203 2510 289 2564 trum
321 2499 503 2585 episcopum
532 2495 766 2561 antibarensem
795 2516 861 2560 una
889 2515 961 2559 cum
991 2493 1161 2578 Ragusano
1190 2493 1232 2560 ad

204 2608 239 2652 se
260 2585 379 2669 venire,
402 2592 457 2649 aut
485 2582 564 2648 alios
596 2582 728 2648 nuncios
758 2583 849 2665 mitti,
872 2590 908 2646 ut
937 2577 1123 2648 diiudicetur
1148 2583 1232 2646 inter

204 2672 475 2758 archiepiscopum
513 2667 702 2755 spaletinam
740 2680 771 2734 ct
808 2669 991 2756 episcopum
1027 2689 1230 2754 ragusanum.

205 2783 255 2825 nr.
283 2764 355 2823 158.

159 2851 184 2912 l.
200 2849 255 2918 tut,
271 2849 295 2908 u
309 2867 355 2927 apr.
384 2845 453 2910 Rex
483 2840 635 2910 Svinimir
665 2841 757 2908 villas
780 2852 813 2907 et
833 2849 934 2908 terras
956 2841 1106 2909 eeclesiae
1129 2842 1231 2929 spala-

205 2935 304 3036 tensis
327 2931 500 3034 confirmat,
525 2931 770 3080 du⁸ffi¹¹⁰ff⁵⁹⁰ui
792 2931 825 2994 in
846 2928 1038 3032 districtibus
1061 2930 1163 2996 eidem
1184 2931 1232 2996 vi·

338 3039 568 3207 ‘ustas
602 3038 744 3205 stru
769 3016 1232 3190 rastas-„nst

162 3285 187 3347 l.
202 3188 814 3353 dddddldeadhiicbtbddiemddnrbhdlh'oddrnddt
827 3277 1077 3363 praedecessoris
1093 3280 1141 3342 sui
1156 3275 1232 3343 Ore·

206 3370 308 3434 simiri
321 3365 539 3432 donationales
555 3363 644 3430 datas
660 3367 851 3431 monasterio
867 3387 891 3429 s.
908 3364 1027 3430 Mariae
1042 3363 1065 3430 J
1066 3362 1179 3444 aderas
1195 3362 1234 3429 de

205 3456 344 3521 terrain
367 3451 526 3538 Tokinija.
550 3475 597 3517 nr.
625 3456 694 3516 100.

161 3543 258 3608 stus.
281 3542 359 3606 Dux
382 3537 575 3628 Stephanus,
599 3536 674 3604 dum
691 3540 772 3604 sein
787 3537 1014 3604 monasterium
1036 3559 1061 3601 s.
1079 3532 1136 3602 Sto
1159 3538 1234 3603 bani

208 3651 309 3717 prope
332 3625 499 3716 Spalatum
521 3625 663 3712 deposita
678 3627 763 3690 omni
778 3622 930 3710 dignitate
953 3625 1115 3709 reciperet,
1136 3559 1236 3691 donat

206 3715 311 3782 eidem
333 3715 412 3781 dnos
436 3735 564 3799 campos
587 3713 766 3798 patrimonii
790 3712 838 3776 sui
860 3732 957 3797 penes
973 3709 1096 3796 Naslap
1111 3719 1144 3778 et
1157 3711 1233 3777 Bre-

206 3806 289 3870 stovi
311 3803 419 3888 potok.
443 3825 491 3866 nr.
518 3803 589 3864 101.

160 3893 187 3957 l.
203 3893 260 3955 lut.
282 3889 404 3969 Dabro,
434 3888 533 3954 abbas
563 3886 793 3950 monasteriis.
819 3881 975 3972 Stephani
1004 3907 1104 3971 prope
1127 3883 1236 3970 Spala-

208 3989 286 4060 tum,
311 3976 394 4042 cedit
416 3973 519 4041 eidem
541 3973 731 4038 monasterio
755 3993 881 4038 omnem
908 3972 1116 4038 substantiam
1139 3993 1237 4038 suam.

207 4088 257 4130 nr.
286 4068 357 4127 102.

158 4155 186 4220 l.
202 4153 260 4224 tttt,
275 4151 374 4215 Silenici.
406 4147 596 4216 Svinimirus
618 4167 677 4211 rex
706 4155 806 4212 terras
835 4143 983 4210 avunculi
1009 4146 1058 4210 sui
1081 4141 1183 4211 Stresi
1204 4149 1238 4211 iu

206 4237 352 4304 Massam
375 4245 408 4302 et
429 4258 449 4302 a
471 4231 592 4302 Salona
613 4255 713 4319 nsque
735 4231 822 4297 Biaci
842 4231 937 4297 Petro
961 4211 1038 4296 (lrni
1061 4231 1234 4298 confirmat.

206 4349 255 4391 nr.
284 4330 357 4389 103.

159 4417 184 4480 d.
201 4435 221 4479 s.
236 4415 292 4476 tus.
315 4409 507 4478 Svinimirus
529 4429 585 4474 rex
609 4405 707 4473 donat
721 4406 911 4471 monasterio
934 4404 1116 4471 monialium
1133 4428 1158 4469 s.
1175 4404 1236 4470 Be·

207 4498 325 4565 nedicti
348 4495 472 4584 Spalati
499 4496 720 4581 „territorium
752 4489 836 4575 quod
859 4501 907 4558 est
929 4493 962 4557 in
984 4491 1105 4557 Dillato
1129 4492 1238 4557 subter

206 4589 325 4672 vipera,
357 4583 443 4672 quod
473 4584 696 4671 lugoperscina
726 4581 897 4647 uocitatur“
909 4629 919 4664 ,
950 4601 1029 4667 usqe
1058 4578 1100 4646 ad
1132 4582 1235 4665 „uiam

206 4695 304 4761 supra
325 4693 423 4757 mare,
446 4693 510 4757 qua
531 4672 595 4738 itur
617 4664 843 4756 Tragurium“.
866 4689 914 4732 nr.
941 4671 1014 4732 104.

1291 377 1400 446 XXXI

1349 4673 1409 4732 122
