3604 5276
1440 361 1501 424 295

309 565 406 630 ductis
421 567 614 632 inhabitatam
630 567 729 630 inisse.
744 570 854 631 Verum
870 565 967 654 ἄρχων
982 563 1096 654 Κούβιρ
1110 569 1228 632 rebellis
1251 568 1386 647 chagano
1408 567 1503 629 iactus

310 671 375 714 cnm
391 653 528 716 fidelibus
543 656 603 715 anis
618 656 648 715 in
663 657 776 734 imperii
793 661 888 718 terras
910 657 1034 718 discedit
1056 663 1086 717 et
1114 673 1267 733 „campum
1291 653 1502 715 ceramesium“

309 741 337 799 in
360 741 536 802 Macedonia
558 747 699 821 occupat3
726 747 814 819 atque
837 745 875 804 ab
891 744 1068 820 imperatore
1084 742 1285 820 (Constantino
1302 737 1503 818 Oopronymo)

307 825 427 906 obtinet,
445 832 479 886 ut
493 828 663 904 provinciae
677 830 755 890 illins
766 824 863 912 ἄρῄων
874 833 1063 906 agnoscatur,
1079 830 1224 904 vicinique
1236 827 1395 904 Dragovic'i
1412 817 1502 913 (fleti

307 907 514 996 Δραγουβιτῶν
530 905 643 1000 ἔθνηἽ,
668 917 718 990 qui
734 916 964 976 Thessalonicae
982 914 1088 976 vicinia
1102 914 1348 992 inhabitaverant,
1371 913 1502 975 eiusdem

306 996 418 1074 popolo
447 1001 578 1084 „cibaria
600 1000 883 1062 subministrarent“.
914 1001 970 1062 Ast
992 1018 1046 1062 nee
1068 1000 1114 1062 hie
1137 1006 1290 1062 contentus
1306 999 1383 1060 idem
1398 999 1502 1059 Knber

307 1084 520 1146 Thessalonica
531 1085 599 1146 dolo
613 1087 700 1162 potiri
712 1088 877 1147 meditatur.
896 1087 1032 1147 Excitato
1045 1087 1144 1162 itaque
1157 1085 1393 1162 perfamiliarem
1406 1100 1501 1162 suum,

307 1171 424 1232 nomine
438 1172 590 1242 Maurum,
618 1172 696 1232 circa
711 1173 823 1249 pascha
838 1175 867 1232 in
883 1175 1001 1234 civitate
1017 1174 1158 1250 tumultu,
1186 1189 1307 1249 scopum
1324 1189 1407 1231 snum
1423 1171 1502 1230 ferre

308 1263 461 1318 assecutus
476 1259 597 1334 fuisset,
622 1260 677 1318 nisi
693 1263 840 1335 strategus
856 1259 1016 1336 Sisinnius,
1044 1259 1082 1320 ab
1102 1260 1279 1335 imperatore
1296 1275 1362 1318 cum
1377 1258 1501 1318 navibus

308 1344 422 1422 mhsus,
439 1337 611 1404 sedition'em
627 1347 848 1422 suppressisset,
865 1350 1074 1420 auctoremque
1090 1345 1238 1422 eiusdem,
1262 1361 1350 1418 quem
1364 1345 1501 1421 proprius

306 1427 382 1490 fliius
397 1429 575 1510 tradiderat,
598 1448 737 1492 unacum
753 1433 875 1503 asseclis
889 1430 1150 1510 apprehendisset,
1173 1432 1363 1505 vinctumque
1385 1430 1499 1505 Byzan-

307 1516 378 1576 tium
393 1513 576 1579 abduxisset.

354 1603 441 1662 Unde
456 1602 512 1664 hoc
528 1602 616 1664 etiam
631 1604 795 1664 testimonio
811 1603 1007 1682 confirmatur,
1025 1604 1121 1664 Sirmii
1136 1603 1285 1680 regionem
1298 1600 1394 1662 adhuc
1405 1601 1500 1662 medio

310 1691 429 1748 saeculo
445 1689 518 1750 VIII
533 1707 551 1748 a
566 1705 704 1765 supremo
719 1689 885 1750 Avarornm
900 1689 1025 1766 chagani
1041 1690 1168 1751 dominio
1184 1689 1377 1766 dependisset
1404 1705 1501 1763 neque

306 1790 371 1834 eam
386 1792 423 1835 eo
437 1779 569 1852 tempore
585 1775 682 1836 adhuc
697 1777 821 1852 principi
837 1776 993 1837 chroatiae
1009 1777 1142 1853 paruisse
1158 1771 1201 1858 (v.
1218 1793 1309 1850 supra
1324 1792 1353 1849 p.
1368 1768 1455 1856 271).

350 1859 487 1921 Ceterum
506 1861 589 1921 ducis
607 1855 757 1944 ,Koditrp“
775 1880 880 1923 nomen
896 1863 1078 1938 bulgaricam
1100 1863 1244 1938 originem
1259 1861 1374 1922 redolet
1388 1855 1432 1942 (v.
1450 1845 1501 1920 da·

307 1945 400 2008 saliis:
416 1946 496 2009 Slov.
513 1952 620 2008 annot.
637 1965 666 2024 p.
683 1949 768 2025 576).
790 1949 936 2024 Bulgaros
950 1948 980 2009 in
995 1949 1147 2009 Pannonia
1163 1966 1229 2009 eum
1243 1947 1351 2008 Avaris
1365 1948 1424 2006 iam
1440 1948 1500 2022 pri-

308 2032 374 2093 dem
398 2034 485 2094 sedes
506 2032 624 2112 fixisse,
652 2035 770 2094 aliunde
786 2039 915 2114 constat,
942 2035 1029 2094 immo
1045 2036 1103 2095 iam
1126 2036 1216 2112 priori
1232 2034 1350 2096 saeculo
1366 2029 1407 2111 (a.
1425 2032 1501 2110 630)

307 2120 454 2182 contentio
477 2122 553 2181 inter
575 2124 716 2197 auosque
739 2120 776 2181 de
799 2121 969 2182 Pannoniae
984 2120 1113 2182 dominio
1128 2127 1233 2181 exorta
1246 2119 1300 2181 luit
1316 2117 1500 2198 (Fredegarz

306 2205 406 2266 histor.
424 2224 449 2268 c.
468 2207 531 2285 72).
558 2207 671 2268 Horum
693 2208 888 2283 Bulgarornm
904 2224 974 2283 pare
996 2207 1051 2268 sub
1073 2208 1148 2268 duce
1170 2207 1279 2268 Alneeo
1300 2206 1443 2284 (Alticcus
1459 2225 1499 2264 =

307 2291 407 2372 Aizilr)
424 2294 581 2370 emigravit
603 2294 632 2352 in
647 2294 778 2374 ltaliam,
809 2298 898 2369 atque
913 2312 932 2354 a
947 2294 1211 2370 Langobardorum
1233 2311 1305 2367 rege
1328 2291 1499 2352 Grimoaldo

306 2373 485 2462 (eea-71)
509 2379 627 2440 deserta
650 2385 747 2440 cotum
764 2382 830 2441 loca
844 2380 1020 2457 sepianum,
1047 2381 1210 2442 Bovianum
1225 2383 1255 2438 et
1270 2379 1428 2454 lserniam,
1456 2377 1496 2438 ad

257 2459 263 2470 '
307 2463 497 2526 habitandum
513 2466 637 2527 obtinuit
652 2465 748 2544 (Paul.
765 2467 840 2527 diae
864 2467 974 2526 Hister.
990 2467 1125 2544 Langoh.
1141 2467 1191 2527 lib.
1208 2467 1234 2526 V
1250 2483 1275 2527 c.
1294 2463 1367 2544 te).
1390 2465 1501 2525 Verum

307 2551 409 2612 eodem
437 2557 569 2630 tempore
586 2547 627 2636 (a.
645 2549 722 2632 668)
739 2569 796 2612 una
811 2549 1009 2629 Bulgarorum
1024 2555 1119 2613 tribus
1130 2571 1147 2613 c
1160 2552 1278 2613 sedibus
1291 2551 1418 2627 antiquis
1430 2549 1499 2611 emi-

306 2638 420 2713 grando
447 2641 494 2716 ,in
512 2639 693 2699 Pannoniam
716 2641 866 2699 avaricam
888 2629 934 2725 (aia
949 2633 1110 2699 Παννονίαν
1124 2647 1179 2710 τῆς
1194 2629 1348 2725 Ἀβαρίας),
1364 2638 1499 2714 chagano

306 2723 471 2786 Avarorum
487 2725 671 2801 postmodum
687 2724 849 2802 subdenda,
867 2744 931 2787 cum
947 2726 1082 2787 omnibus
1097 2728 1158 2785 suis
1173 2727 1265 2802 copiis
1280 2724 1412 2784 transiit“
1432 2722 1499 2805 (Ni-

307 2810 392 2887 oeph.
409 2810 447 2872 de
461 2812 552 2873 rebus
566 2817 634 2887 post
648 2812 820 2872 Mauricium
830 2811 922 2888 gestis
935 2828 963 2887 p.
977 2814 1115 2874 38-39.
1132 2812 1305 2888 Theophan.
1320 2809 1498 2886 chronogra-

305 2895 376 2972 phia
390 2914 420 2974 p.
438 2899 500 2958 546
517 2897 564 2958 cd.
581 2897 700 2977 Bona).

249 3007 258 3024 ·
300 2997 309 3030 ¹
327 3013 352 3053 v.
370 3012 410 3051 nr.
432 2997 489 3050 167.
563 2998 573 3028 ²
591 2995 680 3052 Sirmii
699 2996 751 3052 fuit
769 2998 851 3052 etiam
868 3011 955 3068 prope
967 2997 1109 3053 ecelesiam
1127 3015 1148 3054 s.
1166 2999 1329 3054 Anastasias
1347 3001 1500 3054 extructum

261 3082 393 3152 templum
411 3099 433 3139 s.
452 3083 584 3140 Demetrii
605 3084 717 3142 ineunte
742 3085 851 3140 saecunlo
877 3085 972 3153 quinto
990 3101 1007 3140 a
1024 3085 1140 3140 Leontio
1157 3085 1259 3155 Illyrici
1277 3086 1428 3156 praelecto,
1453 3085 1500 3155 qui

261 3167 327 3224 illuc
345 3169 541 3226 Thessalonica
558 3169 654 3226 detulit
672 3169 840 3241 chlamydem
858 3170 990 3240 martyris,
1009 3170 1130 3246 eiusdem
1148 3172 1280 3241 sangnine
1297 3172 1418 3240 tinctam,
1436 3186 1499 3242 par·

262 3261 371 3324 temque
389 3256 481 3312 orarii.
506 3256 602 3312 Passio
625 3255 715 3312 altera
731 3273 753 3312 s.
773 3257 904 3312 Demetrii
923 3273 946 3313 c.
964 3257 999 3324 ΙΙ,
1025 3273 1065 3313 nr.
1086 3260 1195 3312 16-17.
1219 3260 1291 3312 Acta
1308 3256 1354 3311 SS.
1374 3256 1433 3312 Oet.
1451 3256 1499 3324 1v,

262 3344 374 3398 94-95.
399 3342 522 3400 coniecta
545 3343 660 3399 forsitan
683 3358 754 3398 saec.
780 3343 826 3398 VI.
852 3344 917 3398 item
936 3343 1031 3399 Passio
1050 3343 1170 3398 tertiae
1192 3343 1217 3396 Il
1236 3361 1276 3397 nr.
1296 3345 1399 3397 24-25
1417 3343 1453 3396 ib.
1472 3359 1499 3414 p.

264 3431 313 3483 103
332 3433 443 3484 auctore
460 3429 585 3486 simeone
600 3429 789 3501 Metaphraate
807 3431 886 3486 initio
904 3445 973 3486 saec.
992 3430 1025 3484 X.

816 3709 948 3779 171.

263 3816 459 3910 Dalmatiae,
494 3828 660 3895 Clarootiue
681 3837 709 3894 ct
733 3828 914 3894 Pannoniae
936 3829 1098 3912 discoloria
1120 3829 1164 3892 cd
1187 3825 1384 3894 Francorum
1406 3833 1498 3912 impc-

511 3937 594 4000 rium
616 3935 673 4000 auh
699 3933 810 4000 Oarolo
832 3932 877 4000 Μ.
902 3941 929 3997 et
953 3931 1109 3998 Ludooieo
1131 3932 1252 3997 relatio.

261 4215 284 4275 r.
299 4215 341 4276 ra
865 4133 892 4192 1'

482 4295 564 4362 Belli
586 4306 693 4364 contre
716 4301 840 4366 Accroe
861 4303 896 4367 ia
920 4301 1084 4367 Pannonio
1107 4299 1280 4365 ccordium.

307 4417 359 4486 Sic
380 4419 441 4485 tuit
464 4439 519 4486 rex
541 4419 655 4488 Carlus
677 4423 709 4489 in
730 4423 927 4502 Wormacia,
958 4430 992 4490 et
1022 4423 1065 4488 ibi
1096 4419 1270 4488 celebravit
1291 4417 1420 4501 paseha.
1455 4417 1499 4482 Et

262 4527 406 4590 vertente
430 4542 525 4602 anno,
554 4543 593 4591 eo
616 4528 757 4607 tempore
781 4544 842 4608 quo
866 4526 970 4592 solent
993 4544 1085 4607 reges
1109 4525 1149 4590 ad
1172 4523 1290 4591 bellum
1313 4519 1496 4603 procedere,
1523 4533 1525 4538 ·

263 4627 362 4694 movit
383 4630 556 4696 exercitum
579 4647 680 4710 suum,
705 4628 968 4697 innumerabilem
991 4627 1233 4708 multitudinem,
1259 4631 1369 4693 contm
1384 4641 1495 4706 supcr-
