3548 5282
321 349 386 416 478

921 555 951 616 4.

317 641 340 702 l.
356 640 411 702 llll.

319 776 479 840 &inmani
511 773 699 858 Huuporioc
728 777 811 860 repis
840 793 965 860 sponso,
997 773 1125 858 Ropcrii
1147 773 1273 841 Siciliae
1305 775 1396 842 ducis
1423 775 1503 859 filio,
1527 780 1560 840 in

316 900 371 944 suo
396 877 552 944 Pariorum
582 880 616 943 iu
639 877 841 965 Hungoriam
871 881 981 944 itincre
1000 877 1100 942 Albae
1127 881 1190 944 sice
1219 878 1371 964 Betprudi
1400 882 1562 966 excipitur.

365 1017 570 1086 Αῐιιιιιιιιιιιε85
603 1023 709 1085 autem
743 1036 799 1084 rex
833 1018 1045 1102 Ungarorum‚
1069 1018 1202 1086 audiens
1231 1017 1349 1085 famam
1383 1016 1561 1087 Siculorum

319 1121 450 1206 gloriosi
481 1121 605 1188 comitis
636 1120 811 1204 Rogerii‚⁹⁶
831 1122 956 1206 legatos
986 1121 1125 1204 dirigens
1154 1120 1253 1188 filiam
1275 1139 1366 1190 suam
1395 1124 1429 1189 iu
1455 1124 1564 1190 matri·

318 1228 460 1294 monium
482 1224 612 1293 concedi
634 1225 825 1308 expostulat.
846 1224 904 1292 Ille
926 1243 1012 1306 uero,
1037 1225 1181 1308 quamuis
1203 1227 1331 1295 honesti
1352 1227 1422 1308 uiri,
1445 1228 1500 1309 qui
1522 1227 1564 1294 ad

320 1331 380 1399 hoo
402 1335 564 1410 uenerant,
596 1335 715 1416 essent,
744 1334 851 1397 umen
873 1328 946 1397 illos
968 1329 1103 1397 honeste
1126 1349 1146 1395 a
1167 1349 1203 1398 se
1226 1331 1401 1412 dimittens,
1431 1331 1472 1398 de
1494 1331 1563 1398 suis

319 1435 426 1511 etiam,
457 1453 497 1502 ne
523 1433 666 1514 fallatur,
697 1450 768 1499 oum
796 1433 873 1516 ipsis
902 1432 1042 1515 dirigens
1073 1434 1250 1518 remandat,
1281 1439 1318 1500 nt
1339 1435 1367 1501 si
1390 1439 1558 1502 executum

321 1539 408 1621 quod
431 1541 580 1624 coeperat
601 1535 688 1618 uelit,
715 1536 846 1604 alicuius
868 1535 1068 1604 auctoritatis
1096 1537 1214 1622 gradus
1237 1537 1288 1606 uel
1311 1537 1431 1604 ordinis
1454 1556 1564 1622 porso-

320 1661 388 1725 nas,
411 1639 673 1726 quibus-facilius
696 1641 853 1723 credatur,
876 1642 918 1709 ad
940 1641 973 1708 id
995 1639 1246 1710 confirmandum
1267 1641 1384 1708 mittat

365 1762 426 1841 Qui
456 1763 587 1830 anhelus
617 1763 739 1845 exequi,
759 1761 935 1829 arduinum
965 1763 1149 1832 Jouiensem
1180 1762 1397 1848 episcopum⁸⁷
1424 1769 1457 1832 et
1478 1762 1564 1830 Tho·

321 1885 404 1934 mam
429 1867 608 1936 comitem³⁸
629 1865 714 1934 idem
745 1867 980 1950 expostulatum
1010 1867 1116 1934 mittit.
1149 1865 1264 1935 Comes
1295 1875 1402 1944 autem
1430 1887 1485 1936 eos
1506 1867 1564 1934 bo-

213 2005 215 2009 *
322 1977 414 2037 nesto
436 1970 593 2053 occipiens
616 1989 723 2038 secum
754 1969 899 2050 detinuit
932 1971 972 2037 de
1001 1971 1067 2038 sutis
1088 1971 1240 2039 honestos
1263 1973 1296 2038 et
1326 1971 1457 2039 callidos
1479 1971 1564 2039 viros

321 2075 407 2158 apud
444 2074 640 2142 Pannoniam
679 2075 825 2155 mittens,
863 2075 896 2139 in
931 2092 1041 2141 eorum
1079 2075 1263 2158 praesentia
1292 2094 1312 2143 a
1345 2075 1565 2160 proceribus³⁹

323 2177 460 2261 regionis
493 2178 579 2244 illins
612 2178 798 2261 exequenda
831 2177 1053 2260 postulabatur
1090 2179 1270 2262 juramento
1311 2178 1438 2246 firmare
1483 2181 1563 2264 cogi.

323 2282 416 2361 Quod
439 2300 495 2348 rex
516 2281 653 2350 libenter
675 2300 817 2350 annuens
838 2300 897 2364 per
920 2301 1012 2348 suum
1035 2282 1157 2362 ducem,
1177 2283 1304 2350 nomine
1331 2283 1503 2369 Alivum,⁴⁰
1532 2291 1566 2352 et

323 2385 461 2468 reliquos
495 2405 563 2454 non
591 2385 723 2453 minoris
757 2385 920 2468 dignitatis
953 2386 1050 2471 vitoe,
1084 2387 1198 2472 omnia,
1229 2405 1311 2469 quae
1343 2388 1563 2470 mandaverat,

322 2490 507 2572 exequenda
535 2490 713 2557 iuramento
744 2487 891 2556 firmavit.
915 2487 1031 2577 Sisque
1059 2489 1183 2573 legatos
1206 2491 1341 2573 comitis,
1370 2497 1407 2558 ut
1435 2496 1565 2576 paetum

324 2592 484 2661 firmatum
509 2594 706 2680 renunciant,
722 2591 920 2661 munificatos
943 2613 963 2660 a
985 2614 1021 2662 ee
1044 2593 1184 2662 dimittit.
1215 2593 1331 2663 Comes
1353 2599 1461 2664 autem
1483 2596 1564 2663 rela-

323 2700 412 2767 tione
435 2716 565 2766 suorum
595 2703 737 2782 accepta,
767 2697 854 2766 haud
884 2715 975 2766 secus
1010 2703 1044 2766 et
1064 2698 1132 2776 ipse
1155 2699 1281 2784 legatos
1309 2701 1396 2784 ragis
1418 2719 1439 2766 a
1460 2719 1496 2768 se
1518 2698 1565 2766 di-

323 2804 460 2890 mittens,
491 2803 637 2887 pluribus
667 2802 842 2870 honoribus
865 2821 885 2868 a
907 2820 943 2870 se
973 2802 1170 2888 compilavit3
1199 2804 1269 2887 regi
1290 2803 1470 2887 terminum
1502 2821 1566 2886 quo

323 2908 384 2976 sibi
406 2906 505 2975 filiam
528 2926 620 2974 suam
641 2907 758 2988 mittat,
782 2907 906 2974 statuit.

365 3029 458 3096 Anno
479 3030 589 3112 itaque
610 3029 835 3096 incarnationis
864 3027 1032 3097 millesimo
1063 3029 1267 3112 nonogesimo
1297 3029 1444 3112 septimo,
1467 3048 1565 3113 appa·

324 3134 412 3211 ratis,
447 3151 529 3215 quae
556 3134 739 3202 necessaria
768 3137 871 3214 orant,
903 3151 1012 3201 mense
1034 3133 1120 3202 Maio
1137 3151 1208 3201 oum
1229 3135 1381 3202 trecentis
1412 3133 1567 3201 militibus

224 3293 225 3296 ,
323 3257 425 3322 usque
446 3236 633 3305 Thermas⁴¹
656 3236 835 3305 conducere
857 3234 935 3303 facit
957 3235 1130 3304 Henrioum
1153 3238 1414 3305 Leonastrensem
1445 3239 1567 3320 episeo-

322 3361 408 3428 pum‚
431 3347 465 3409 et
486 3341 638 3425 quosdam
663 3340 704 3408 de
732 3340 881 3408 fidelibus
911 3341 977 3407 suis
1008 3341 1123 3410 abinde
1156 3341 1316 3409 maritimo
1347 3359 1443 3408 cursu
1465 3360 1568 3424 usqne

323 3445 564 3527 Pannoniam,⁴²
587 3464 657 3513 oum
679 3445 787 3528 puella
809 3443 982 3528 proaedere
1004 3445 1131 3528 iaciens,
1155 3447 1210 3528 qni
1240 3445 1373 3513 navibus
1394 3445 1568 3530 apparatis,

323 3549 463 3634 puellam
486 3567 558 3616 oum
580 3549 733 3617 mullibus
757 3549 958 3633 sponsalibus
980 3549 1237 3630 intromittentes,
1261 3549 1340 3616 uelis
1363 3556 1458 3617 vento
1483 3567 1568 3616 com-

324 3655 449 3736 missis,
480 3670 717 3737 prosperatum
748 3658 854 3720 stema
877 3671 935 3735 per
964 3671 1105 3736 aequora
1133 3653 1288 3734 feruntur,
1311 3672 1413 3737 usque
1436 3654 1511 3720 dum
1533 3655 1567 3719 in

324 3762 451 3843 portum
472 3755 620 3842 Albae,⁴⁸
643 3759 697 3840 qui
716 3757 797 3841 jmn's
819 3757 905 3840 regis
928 3757 1131 3840 Ungarorum
1154 3763 1214 3839 est,
1244 3758 1373 3841 impune
1395 3757 1567 3841 applicant

324 3861 385 3928 Hic
407 3859 612 3929 Vincurius‘⁴
634 3879 740 3929 oomes
768 3861 980 3944 Bellegratae,
1011 3861 1126 3928 missus
1159 3880 1230 3928 oum
1261 3860 1401 3944 quinque
1431 3862 1570 3928 millibus

324 3971 527 4053 armatorum,
559 3965 671 4034 obvius
702 3965 778 4046 init,
813 3983 947 4048 eamque
976 3982 1046 4031 oum
1073 3965 1139 4046 his,
1164 3966 1313 4048 quicum
1335 3985 1374 4033 aa
1403 3969 1568 4048 venerunt

324 4070 478 4138 decenter
499 4069 670 4153 excipiens,
693 4087 797 4152 usque
820 4069 863 4136 ad
885 4087 992 4152 regem
1015 4069 1172 4151 perdum.

365 4192 427 4259 Per
466 4197 567 4260 totam
605 4192 799 4259 Pannoniam
830 4191 961 4274 nuptiae
991 4192 1077 4275 regis
1108 4191 1385 4274 praeconizantur.
1419 4189 1571 4274 Undique

324 4313 395 4362 oum
426 4297 569 4364 enxeniis
601 4296 808 4370 concurritur.
839 4295 884 4361 Et
913 4311 984 4362 aum
1007 4314 1133 4379 semper
1163 4293 1315 4377 frequens
1346 4299 1380 4362 et
1402 4313 1573 4362 numerosa

322 4417 434 4467 manus
457 4419 496 4467 ex
517 4418 606 4468 more
627 4417 700 4467 cum
722 4417 799 4483 rege
828 4399 1092 4466 innumerabilem
1121 4398 1248 4466 turbam
1270 4399 1342 4482 plus
1373 4399 1467 4468 solito
1490 4419 1571 4483 nup-

324 4508 457 4585 tiorum,
482 4508 515 4572 et
536 4523 639 4572 novae
668 4504 798 4587 reginae
827 4503 980 4572 visendae
1010 4504 1161 4586 appetitis
1191 4501 1348 4583 conflavit,
1380 4502 1432 4569 die
1461 4503 1571 4570 termi-

324 4611 400 4675 nato
433 4609 656 4691 praesentibus
678 4607 924 4692 arcmopiscopis
956 4612 990 4676 et
1012 4607 1170 4691 episcopis
1192 4613 1226 4676 et
1248 4606 1382 4676 moerus
1407 4607 1572 4675 ordinibus
