3602 5304
336 425 397 484 224

330 640 352 678 c.
373 627 406 678 tto
425 639 452 692 p.
471 625 522 677 ⁴46
621 621 714 677 ⁸urbs
739 619 840 675 Daciae
867 619 1080 692 mediteraneae,
1105 637 1160 679 una
1184 639 1245 678 cum
1269 623 1417 694 singiduno
1444 639 1470 680 a
1490 625 1577 678 iila

333 710 444 765 Hunnia
462 710 612 779 devastata,
631 709 751 764 eiusdem
763 708 834 764 muri
848 707 1032 765 adustiniano
1044 711 1200 778 restaurati,
1220 710 1298 766 sedes
1311 712 1432 781 episcopi
1453 739 1486 749 -
1505 725 1576 765 nnnc

330 797 354 852 N
362 800 394 852 it.
486 799 495 828 ⁴
515 797 589 852 Situs
607 803 635 852 et
653 795 770 852 ambitus
794 795 947 851 Dalmatiae
971 794 1114 851 deducitur
1140 813 1174 851 ex
1192 798 1235 853 his
1254 797 1373 853 eiusdem
1391 799 1511 853 auctoris
1530 795 1575 867 (dc

336 883 408 940 bello
427 883 512 955 getth.
532 884 553 952 1,
574 888 605 940 tt
624 902 651 954 p.
669 885 716 952 80)
735 883 838 938 verbis:
864 891 956 952 ,trane
976 883 1064 938 sinum
1084 884 1209 952 (ionium)
1228 885 1333 954 Graeci,
1352 885 1483 956 Epirotae
1502 884 1578 950 dicti,

335 973 451 1042 primum
469 971 558 1027 locum
577 970 701 1025 obtinent
719 970 753 1025 ad
772 970 864 1024 urbem
884 985 969 1038 usque
983 970 1145 1025 maritimam
1157 970 1353 1040 Epidamnum
1372 972 1435 1026 hinc
1447 987 1477 1028 se
1490 971 1579 1042 aperit

336 1058 456 1114 Prevelis
490 1035 653 1132 (Πρὲβαλῑς)
677 1057 765 1128 regio;
784 1057 908 1125 sequitur
927 1059 969 1114 cui
988 1056 1125 1113 Dalmatia
1153 1037 1331 1132 (daipertus)
1361 1073 1459 1113 nomen
1484 1063 1576 1113 estet

336 1159 406 1215 quae
424 1160 485 1200 cum
503 1145 564 1214 ipsu
587 1144 761 1199 occidentalis
786 1144 890 1213 imperii
915 1143 1017 1200 finibus
1042 1144 1308 1213 comprehenduntur
1332 1145 1455 1214 proxima
1479 1143 1577 1198 Libur-

339 1234 399 1298 nia,
424 1232 487 1287 hnic
505 1232 600 1298 istria,
625 1231 687 1286 dein
706 1233 779 1300 regio
799 1232 963 1287 Venetorum
983 1231 1017 1286 ad
1035 1231 1191 1286 Ravennam
1210 1231 1303 1286 urbem
1323 1237 1458 1302 porrecta.
1487 1234 1578 1306 Atque

335 1319 365 1374 hi
382 1325 446 1374 sunt
465 1320 547 1374 maris
564 1319 686 1387 accolam
705 1334 791 1388 supra
808 1333 876 1386 quos
894 1318 973 1373 Siseii
987 1325 1015 1372 st
1030 1317 1112 1372 Suebi
1142 1299 1258 1392 [Σίσκιοί
1286 1323 1322 1366 τε
1351 1305 1402 1366 καὶ
1431 1298 1577 1386 &iuditii
1639 1317 1649 1342 '

340 1421 394 1462 non
419 1405 459 1460 iiii
483 1407 529 1474 qui
554 1405 669 1462 Francis
692 1411 790 1475 parent
808 1403 854 1462 sed
874 1406 908 1460 ab
928 1406 961 1462 iis
979 1405 1092 1473 diversi,
1116 1406 1258 1460 interiores
1277 1412 1366 1460 terrae
1384 1412 1488 1461 tractus
1508 1404 1576 1462 obti-

336 1498 410 1547 nent.
438 1491 517 1548 Ultra
539 1492 589 1548 hos
614 1492 705 1547 Carnii
730 1493 775 1548 siti
799 1499 863 1548 sunt
888 1492 1047 1561 Noricique,
1074 1491 1108 1546 ad
1134 1509 1247 1561 quorum
1273 1491 1410 1548 dexteram
1434 1491 1526 1548 Danae
1550 1498 1579 1548 et

337 1579 481 1634 Pannones
499 1557 661 1654 (Πάννῡνῑς)
689 1579 830 1648 habitant,
856 1579 965 1646 suisque
994 1580 1020 1633 in
1051 1579 1164 1634 urbibus
1192 1577 1366 1648 singidonum
1394 1595 1426 1633 ac
1451 1578 1577 1644 Sirmium

337 1640 514 1742 (Σιγγηδόνα
535 1651 586 1712 καὶ
607 1646 730 1742 Σὶρμων)
750 1673 901 1732 numerant,
921 1664 956 1720 ad
973 1665 1072 1720 istrum
1086 1664 1198 1720 iirrrium
1210 1665 1381 1721 eradentesi.
1401 1664 1473 1719 idem
1493 1663 1577 1719 dedn-

336 1754 409 1809 citur
426 1769 441 1808 e
459 1751 587 1808 ‚Iordanis
606 1753 696 1808 verbis
715 1769 758 1821 op.
778 1754 823 1807 cit.
842 1769 864 1806 c.
883 1753 919 1806 60
937 1769 964 1822 p.
985 1753 1034 1807 175
1052 1751 1093 1806 ed
1114 1751 1197 1808 Closs.
1217 1751 1264 1806 ubi
1283 1751 1421 1806 Panoniae
1446 1753 1514 1806 situs
1539 1751 1578 1807 sic

337 1839 547 1896 determinetur:
567 1839 666 1908 ,habet
683 1839 718 1894 ab
737 1842 841 1896 oriente
859 1839 990 1895 Moesiam
1004 1840 1179 1909 superiorem,
1192 1855 1209 1894 a
1220 1839 1332 1894 meridie
1350 1837 1524 1906 Dalmatiam,
1543 1839 1577 1894 ab

337 1943 435 1984 occasu
453 1928 596 1996 Noricum,
616 1944 633 1982 a
650 1928 836 1996 septentrione
855 1926 1025 1994 Dannbium3
1049 1935 1146 1982 ornata
1164 1927 1255 1996 patria
1272 1925 1429 1981 civitatibus
1446 1925 1577 1996 plurimis,

337 2029 451 2083 quarum
470 2015 559 2082 prima
576 2013 679 2084 Sirmis,
704 2021 825 2068 extrema
848 2012 1036 2069 vindomina!
1065 2011 1204 2068 Dalmatia
1227 2013 1318 2081 itaque
1343 2010 1431 2068 medio
1450 2025 1520 2067 saec.
1540 2009 1577 2067 v1

338 2099 537 2156 extendebatur
555 2099 589 2155 ad
608 2115 683 2154 mare
702 2101 774 2155 inter
792 2099 943 2156 Praevaiim
969 2108 996 2154 et
1020 2099 1180 2155 Liburniam
1198 2100 1374 2168 Istriamqne,
1399 2099 1578 2167 separabatur

336 2186 371 2243 ab
390 2187 498 2257 illyrico
517 2186 669 2254 montibus,
689 2185 723 2241 ad
741 2185 850 2242 boream
869 2202 933 2242 reru
952 2186 1067 2241 coniinis
1085 2191 1144 2241 erat
1163 2186 1301 2242 Panoniee
1320 2185 1416 2240 Sauiae
1451 2167 1578 2252 Σουάβοί

338 2275 441 2328 Suauia
459 2289 503 2344 ap.
524 2273 677 2332 cassiodor.
695 2275 760 2328 Var.
779 2273 826 2342 IV,
845 2277 887 2328 ts.
907 2271 940 2342 V,
961 2275 1005 2342 14)
1023 2281 1051 2329 et
1068 2271 1202 2329 secundae
1216 2273 1271 2328 sire
1290 2274 1425 2328 sirmiensi
1434 2190 1565 2348 (mvi

336 2361 476 2431 Eparchia
493 2360 651 2417 Pannonias
663 2360 782 2418 habebat
794 2361 862 2416 duas
874 2360 968 2416 urbes:
987 2359 1114 2416 Sirmium
1126 2369 1154 2416 et
1166 2359 1324 2416 Bassianum
1338 2361 1495 2429 (Petrovci).
1512 2358 1578 2414 Hie·

337 2447 419 2504 roclis
431 2446 613 2517 Synerdemus
630 2464 658 2517 p.
676 2452 736 2504 393.
791 2447 802 2479 ⁵
818 2447 888 2502 Idrat
906 2463 990 2518 gener
1001 2447 1136 2516 Germani,
1156 2447 1233 2502 cuius
1246 2446 1319 2502 iilius
1330 2445 1506 2503 Jnstinianus
1519 2461 1580 2500 cum

340 2532 433 2588 eodem
445 2534 552 2590 duanae
571 2534 648 2590 iussn
660 2534 832 2604 imperatoris
847 2535 994 2590 exercitum
1007 2533 1036 2589 in
1047 2533 1156 2589 ltaliam
1168 2531 1290 2589 ducendo
1304 2533 1483 2600 ,Dalmatiam
1497 2533 1580 2600 petie-

337 2628 402 2674 runt
414 2636 447 2676 ea
459 2627 557 2689 mente,
570 2628 601 2676 ut
612 2620 728 2676 hiemem
740 2620 846 2678 Salonis
861 2621 1008 2692 exigerent,
1021 2637 1082 2677 cnm
1094 2620 1122 2675 id
1136 2622 1199 2676 anni
1215 2627 1363 2690 tempestas
1376 2635 1429 2674 non
1443 2620 1581 2677 videretur

338 2707 406 2776 ipsis
424 2707 591 2778 permittere,
609 2714 641 2762 ut
658 2709 746 2764 sinum
765 2707 954 2765 circumeundo
966 2709 994 2763 in
1008 2707 1114 2762 Italiam
1127 2708 1323 2778 pervenirent“.
1343 2705 1416 2760 Idem
1431 2706 1581 2776 Procopius

337 2793 403 2848 ibid.
422 2810 449 2864 p.
468 2797 528 2848 451.
602 2794 709 2849 'Anno
727 2796 849 2865 proxime
868 2796 961 2865 elapso
980 2797 1055 2865 (otu)
1075 2795 1239 2850 Claudianus
1252 2793 1359 2850 Salonis
1377 2799 1513 2862 praeerat,
1532 2791 1580 2860 qui

337 2881 372 2934 ad
390 2881 555 2936 Laurentem
584 2862 778 2958 (Λαυρεάτα),
809 2883 913 2950 „locum
936 2883 965 2937 in
989 2883 1072 2938 maris
1097 2882 1189 2938 littore
1213 2881 1310 2936 situm*
1335 2897 1353 2935 a
1377 2880 1483 2936 Totiiae
1512 2879 1580 2934 duce

337 2967 426 3022 liauio
444 2966 600 3024 devincitur.
627 2969 731 3024 liauius
756 2969 911 3024 hiuicurum
935 2969 1041 3038 (,locus
1066 2975 1108 3024 est
1126 2969 1279 3023 maritimus
1297 2985 1329 3024 ac
1346 2967 1486 3037 proximus
1505 2967 1580 3022 Salo-

338 3055 411 3122 nis“)
430 3069 537 3124 quoque
556 3056 713 3110 devastarit.
733 3055 800 3110 ibid.
820 3073 846 3125 p.
866 3059 927 3112 431.
956 3055 1100 3112 Caeterum
1125 3054 1240 3111 Salonae
1264 3071 1324 3110 cum
1348 3054 1486 3109 Dalmatia
1503 3069 1579 3109 recn-

337 3148 450 3210 pcratae
476 3148 555 3196 erant
573 3157 590 3196 a
607 3141 722 3211 Mundo,
746 3143 919 3212 imperatoris
942 3142 1026 3212 duce,
1054 3159 1079 3197 a
1098 3146 1159 3210 ⁶35,
1178 3159 1246 3210 quas
1265 3147 1328 3212 post
1346 3141 1484 3196 biennium
1504 3141 1579 3208 (bii)

338 3227 421 3282 Gothi
439 3229 543 3284 frustra
562 3228 695 3285 obsident.
714 3228 781 3283 lbid.
801 3246 828 3299 p.
847 3233 890 3299 27,
910 3231 952 3286 83.
1026 3229 1036 3260 ²
1055 3229 1119 3284 Inde
1137 3229 1252 3286 forsitan
1271 3228 1402 3297 explicari
1416 3233 1506 3296 potest
1524 3226 1579 3296 ilia

338 3329 408 3383 qnae
427 3316 455 3369 in
474 3315 612 3369 Dalmatia
630 3317 716 3386 viguit
735 3323 763 3371 et
781 3318 927 3386 posteriori
946 3315 1091 3372 traditione
1110 3316 1258 3385 depravata
1269 3315 1330 3382 init,
1349 3315 1479 3368 memoria
1496 3313 1580 3382 (rno-

338 3417 398 3456 mae
416 3401 518 3458 archid.
537 3403 607 3458 Hist.
626 3403 712 3458 salon.
733 3419 755 3457 c.
775 3401 835 3471 ViI,
862 3404 968 3473 praesb.
988 3403 1075 3460 Diocl.
1093 3418 1167 3472 regn.
1187 3403 1290 3459 Slaror.
1309 3419 1333 3456 c.
1355 3407 1429 3459 l-·‘2.
1447 3401 1512 3456 Hrv.
1531 3401 1580 3469 ijs·

342 3489 414 3558 topia
433 3489 472 3542 ed.
493 3489 587 3544 Grnbii
604 3508 630 3561 p.
652 3493 738 3560 1-6),
758 3491 899 3556 Chronius,
919 3491 964 3561 qui
984 3506 1045 3546 cum
1063 3489 1161 3545 Gothis
1179 3488 1423 3557 confundebantur,
1442 3489 1510 3544 duce
1529 3489 1580 3542 Το-

339 3576 389 3629 tiia
407 3589 423 3630 c
443 3576 555 3631 Polonia
581 3577 692 3632 eductos
710 3576 873 3633 Dalmatiam
899 3593 1054 3647 occupasse.
1079 3576 1119 3631 Gi.
1138 3577 1305 3647 Knjitevnik
1323 3575 1344 3641 1,
1363 3579 1422 3631 205.
1441 3579 1502 3630 223.
1521 3577 1580 3630 373.

944 3811 973 3871 4.

337 3893 359 3953 i.
375 3894 424 3954 ibi.

336 4026 538 4092 Slooenornm
568 4049 584 4092 e
611 4030 697 4093 loertn
728 4028 870 4094 Dorsnbii
897 4032 971 4115 ripn
1002 4033 1082 4095 inter
1111 4030 1204 4096 Iunios
1224 4031 1372 4114 fluminis
1402 4035 1577 4093 cataractus

614 4143 642 4197 et
665 4132 739 4196 Sani
761 4137 840 4199 ostiu
862 4137 895 4198 in
920 4133 1082 4218 Illyricum
1105 4135 1304 4218 irruptiones.

365 4248 561 4336 Σκλαβηνῶν
583 4244 615 4318 δὲ
633 4256 724 4328 πολὺς
739 4255 836 4343 ὅμιλος
852 4253 942 4318 'iiim
1017 4255 1097 4322 Cum
1121 4256 1345 4323 Sclavenorum
1371 4257 1482 4338 ingens
1497 4253 1576 4318 mul·

336 4369 398 4442 prum
409 4355 620 4443 ἐπισκήψαντες
635 4357 941 4431 stereorationis
972 4361 1092 4440 titudo,
1125 4360 1208 4427 iacta
1237 4363 1269 4425 in
1290 4361 1450 4443 Illyricum
1473 4361 1575 4441 irrup-

335 4451 497 4546 eibtipnro
519 4451 728 4550 διειργάσκντο.
751 4465 884 4546 βασιλεὺς
905 4455 938 4528 δὲ
969 4468 1064 4550 tinne,
1087 4463 1216 4531 infanda
1231 4472 1439 4548 perpetraret,
1463 4466 1496 4530 in
1520 4481 1576 4529 ens

335 4559 529 4640 Ἰουστινιανὸς
557 4565 729 4654 στράτευμα
758 4569 803 4631 ἐπ’
833 4569 940 4641 αὐτοὺς
972 4570 1170 4636 iustinianns
1193 4567 1356 4652 Augustus
1379 4569 1465 4634 misit
1487 4587 1575 4634 exer·

334 4665 479 4756 inspirer,
514 4663 548 4734 oi
580 4659 618 4742 bi
652 4674 738 4735 ἄλλοι
771 4673 885 4736 τεκαὶ
914 4674 941 4736 οἱ
970 4673 1076 4754 eitum,
1100 4675 1150 4741 cui
1172 4679 1302 4757 praeter
1324 4673 1404 4740 alios
1423 4673 1575 4741 Germani
