3602 5304
323 207 387 270 200

323 416 457 493 capatus
471 429 534 476 uon
549 427 696 493 maguam
710 409 823 475 hahuit
837 408 1020 492 parochiam
1035 413 1168 492 propter
1182 409 1375 476 uicinitatem
1390 407 1559 476 nonensis⁹

323 523 356 582 et
369 515 585 599 belgradensis
598 514 836 597 episcopatuum
858 564 865 578 .
883 566 890 580 .
908 564 914 577 .
931 513 1151 598 Tragurtiensis
1163 517 1375 600 episcopatus,
1391 515 1466 598 quia
1481 533 1558 582 suae

323 620 492 703 metropoli
514 620 648 686 uicinior
667 625 753 700 erat,
784 619 935 685 maiorem
965 619 1134 686 dioecesim
1166 621 1296 687 sortitus
1326 624 1385 700 est,
1410 619 1560 686 uidelicet

323 733 462 794 castrum
486 723 688 791 Sibenicense
711 741 781 790 cum
803 729 941 791 mtasua
956 725 1039 806 iupa,
1062 726 1373 807 protendebaturque
1396 726 1480 793 enlm
1491 722 1558 790 fere

324 849 425 914 usque
448 829 489 895 ad
511 827 643 895 fluuium
666 827 877 894 Catinensem.
908 829 983 895 Fuit
1012 831 1107 896 etiam
1135 829 1323 913 episcopalis
1354 831 1448 897 sedes
1474 829 1560 912 apud

325 934 535 1020 Mucarum,²⁰
557 937 689 1016 eratque
712 952 772 999 sua
792 933 942 1016 parochia
965 954 984 1000 a
1006 933 1139 1000 confinio
1164 933 1299 1002 Grainae
1313 953 1416 1018 usque
1432 935 1473 1000 ad
1490 933 1561 1002 sta-

323 1058 428 1125 gnum.
452 1039 489 1104 In
512 1037 631 1120 Stagna
652 1038 852 1104 nihilominus
874 1037 935 1104 luit
964 1039 1213 1122 episcopatus‚¹²
1236 1057 1376 1121 suaquac
1406 1038 1560 1122 parochia

326 1150 397 1212 erat
418 1143 451 1210 in
474 1145 625 1210 comitatu
656 1139 863 1208 Chulmiae.¹²
891 1143 1069 1210 Voluerunt
1099 1145 1196 1210 etiam
1227 1142 1437 1211 chroatorum
1469 1163 1561 1226 reges

326 1251 418 1333 quasi
448 1247 618 1332 specialem
649 1246 769 1313 habere
800 1247 994 1330 pontificem,
1027 1255 1264 1333 posueruntque
1294 1249 1402 1317 sedem
1431 1250 1500 1315 eius
1529 1251 1561 1316 iu

325 1373 435 1438 campo
458 1354 491 1419 in
513 1353 649 1421 ecclesia
671 1359 799 1418 sauctae
821 1352 941 1420 Mariae
956 1353 1089 1435 uirginis
1104 1354 1192 1420 iuxta
1206 1361 1345 1420 castrum
1369 1353 1562 1420 Troianae*

323 1460 385 1526 Hic
398 1459 514 1524 multas
529 1457 665 1524 obtinuit
679 1455 853 1540 parochias,
878 1457 1048 1540 habuitque
1064 1459 1196 1540 praedia
1210 1465 1244 1524 et
1260 1459 1480 1542 possessiones
1504 1476 1562 1541 per

323 1571 427 1634 totum
450 1583 532 1648 pene
554 1581 686 1646 regnum
710 1561 890 1643 chroatiae,
914 1562 989 1644 quia
1010 1563 1128 1646 regalis
1151 1569 1221 1630 erat
1243 1563 1408 1646 episcopus
1431 1564 1562 1646 stragis

325 1670 445 1737 curiam
468 1669 670 1748 sequebatur,
694 1672 827 1749 eratque
849 1686 931 1734 uuus
946 1687 984 1733 eu
1005 1667 1198 1750 principibus
1221 1667 1324 1746 aulae,
1348 1675 1383 1734 et
1397 1686 1456 1735 sua
1470 1666 1562 1734 iuris-

328 1776 425 1843 dictio
448 1791 549 1857 usque
565 1773 607 1840 ad
620 1773 764 1838 Drauum
785 1770 917 1838 fluuium
939 1773 1179 1840 extendebatur.
1202 1771 1346 1840 Ecclesia
1368 1789 1481 1856 nempe
1496 1791 1562 1840 me

325 1880 457 1964 tropolis
491 1879 548 1945 has
583 1877 643 1944 sibi
675 1877 778 1944 uoluit
808 1877 974 1958 parochias
1006 1877 1160 1946 retinere:
1196 1879 1379 1946 comitatuum
1413 1877 1562 1958 Catinae,

327 1986 478 2068 Cleonae,
501 1983 631 2063 Glissae,
652 1982 845 2062 Moesorum,
869 1980 1034 2048 Almisinm
1049 1987 1083 2050 et
1098 1980 1298 2065 corbanam,
1325 1987 1359 2050 et
1373 1982 1459 2050 ultra
1473 1983 1563 2066 alpes

325 2094 429 2162 fereae
451 2108 551 2173 usque
574 2089 614 2156 ad
636 2085 772 2154 confinia
792 2087 974 2170 Zagrabiae,
998 2092 1160 2170 totamque
1183 2088 1403 2156 Maroniam.¹⁴

412 2216 545 2277 'Ihomae
560 2212 773 2274 archidiaconi:
789 2213 920 2276 Historia
935 2213 1099 2274 salonitana
1114 2232 1140 2273 c.
1156 2214 1220 2274 XV.
1237 2215 1284 2276 ed
1296 2216 1324 2278 J.
1337 2215 1430 2277 Lucii.
1443 2232 1472 2292 p.
1489 2218 1562 2277 321.

370 2305 441 2366 God.
459 2319 530 2364 msc.
556 2300 594 2361 ad
609 2300 696 2361 finem
711 2317 788 2362 saec.
812 2301 885 2360 XIII
900 2301 929 2360 in
946 2300 1017 2362 bibl.
1034 2301 1170 2360 vaticana
1185 2301 1296 2362 Romae
1312 2321 1355 2363 nr.
1374 2303 1468 2365 6626.
1491 2301 1562 2364 οο1.

370 2409 442 2452 msc.
459 2407 528 2450 saec
543 2389 613 2448 XIV
625 2388 654 2447 in
665 2386 845 2448 bibliotheca
856 2405 930 2448 com.
942 2387 1096 2463 Faufogue
1109 2387 1247 2464 Tragurii
1260 2389 1338 2468 (Rad
1350 2389 1456 2466 XXVI,
1477 2381 1560 2472 175).

371 2478 444 2540 coo.
463 2481 534 2538 cart.
551 2493 629 2536 saec.
645 2475 701 2536 XV
716 2475 745 2534 in
767 2475 837 2536 bibl.
854 2475 1039 2534 scientiarum
1054 2475 1253 2535 uniuersitatis
1272 2477 1446 2553 Zagrabiae.

414 2582 480 2656 Quo
494 2585 627 2658 tempore
642 2579 716 2638 haec
732 2577 862 2654 modus
878 2579 1054 2654 spalatensis
1069 2585 1231 2640 convocata
1246 2579 1343 2664 luerit,
1360 2579 1565 2659 apostilicam

370 2669 510 2733 Dabralis
525 2666 629 2728 deduci
641 2669 747 2743 potest.
760 2665 892 2726 Thomas
903 2665 1046 2740 siqnidem
1059 2666 1282 2728 archidiaconus
1295 2668 1362 2747 (loc.
1376 2667 1440 2750 cit.)
1453 2669 1565 2728 initium

370 2754 558 2836 pontificatus
573 2754 712 2815 Dabralis
727 2751 766 2812 ad
782 2771 810 2815 a.
830 2755 913 2814 1030
928 2753 1018 2828 ponit,
1036 2771 1294 2831 successoremque
1309 2756 1394 2816 Pauli
1410 2753 1453 2836 (v.
1470 2755 1562 2817 chart.

372 2842 425 2922 30)
441 2846 470 2902 et
485 2841 741 2918 praedecessorem
763 2839 884 2900 loannis
904 2839 994 2900 fnisse
1017 2845 1125 2900 censet.
1141 2839 1197 2902 Ast
1213 2847 1326 2902 coastat
1342 2843 1426 2903 nohis
1441 2861 1479 2904 ex
1494 2848 1564 2904 acto

372 2930 411 2992 ad
425 2949 471 2990 ur.
489 2931 529 2989 36
545 2928 695 3004 adducto,·
710 2926 810 2986 sedem
826 2943 849 2985 s.
866 2925 984 2986 Domnii
999 2945 1077 2987 auno
1096 2930 1178 2988 1040
1194 2947 1252 2989 uon
1267 2930 1444 3007 Dabralem,
1463 2947 1565 2990 verum

370 3016 571 3093 Lampridium
583 3015 721 3086 tenuisse,
735 3031 812 3074 anno
824 3013 892 3074 item
906 3015 988 3074 1059
1000 3015 1142 3074 Joauuem
1155 3015 1407 3094 archiepiscopum
1420 3017 1509 3077 luisse
1521 3013 1567 3096 (v.

370 3125 416 3166 ur.
435 3105 496 3166 154
511 3121 541 3180 p.
556 3097 708 3182 204-5);
726 3101 886 3160 Dabralam
903 3117 973 3160 vero
989 3101 1085 3161 adhuc
1100 3102 1156 3162 snb
1171 3103 1392 3180 archiepiscopo
1408 3105 1566 3164 Laurentio

371 3192 481 3252 vixisse
504 3187 563 3269 (nr.
590 3187 675 3268 116).
699 3187 799 3262 Quare
821 3188 975 3263 opinamur
997 3189 1158 3248 Dabralem
1181 3190 1357 3250 successisse
1379 3190 1566 3270 Lampridio,

372 3280 540 3353 dictamque
556 3275 700 3352 synodum
716 3278 783 3350 post
798 3292 827 3334 a.
846 3276 930 3334 1040
944 3279 991 3334 ast
1005 3279 1074 3336 ante
1090 3295 1118 3336 a.
1137 3279 1219 3337 1069
1235 3276 1376 3337 indictam
1392 3277 1491 3338 lubae.

415 3363 502 3439 Quod
518 3381 580 3424 ram
595 3363 690 3439 ipsam
710 3362 825 3433 attinet,
848 3361 1026 3421 Dalmatiam
1048 3365 1229 3440 superiorem
1252 3365 1436 3442 metropolim
1460 3382 1566 3426 novam

372 3451 507 3513 Antibari
523 3451 580 3510 hoc
595 3449 710 3508 circiter
726 3453 859 3525 tempore
875 3448 1043 3529 obtinuisse,
1059 3452 1107 3510 vel
1120 3452 1217 3527 potins
1228 3455 1358 3512 vetarem
1370 3452 1566 3512 Dioclienscm

372 3538 557 3614 metropolim
572 3536 681 3597 ibidem
696 3536 899 3596 resuscitatam
915 3535 1022 3612 luisse,
1047 3537 1129 3614 ipsae
1145 3537 1305 3598 Alexandri
1322 3537 1350 3597 ll
1367 3539 1483 3600 litteras
1498 3538 1567 3598 anui

375 3628 467 3696 1067,
484 3643 557 3700 quas
572 3623 638 3684 ideo
654 3641 722 3683 mox
737 3621 918 3700 adducimus,
942 3623 1115 3683 confirmare
1130 3624 1274 3685 videntur.

365 3746 374 3778 ¹
391 3742 479 3798 Slauir
496 3741 591 3798 Xctor.
605 3741 724 3796 Cattaro.
789 3738 897 3795 'Slauis
914 3740 978 3796 Bar.
992 3741 1124 3796 Anticari.
1197 3743 1208 3774 1
1221 3741 1298 3797 italis
1312 3741 1487 3812 ,Dulcigno“.
1499 3742 1568 3800 Olci-

328 3831 412 3898 nium,
430 3829 591 3894 Olchiuium,
610 3809 773 3878 Q'MVOV·
792 3828 879 3884 Slauis
901 3813 1016 3878 01111111
1035 3827 1132 3898 Olgun
1223 3830 1233 3860 ⁴
1252 3815 1357 3880 cssdun·
1376 3813 1569 3901 1166116]-

328 3933 432 3974 meana
451 3916 502 3972 Ed.
521 3917 550 3970 P.
571 3903 686 3972 Safaiik.
705 3932 727 3972 c.
746 3915 806 3970 VII.
819 3917 909 3971 Locus
923 3914 1028 3972 Olcinio
1041 3914 1075 3971 ad
1088 3916 1297 3984 septentrionem
1310 3933 1325 3972 e
1336 3915 1418 3988 plaga
1436 3916 1570 3974 bussuli.

331 4005 342 4038 ⁸
354 4004 532 4072 Naufragium
546 4003 676 4060 accidisse
688 4002 788 4059 dicitnr
799 4018 854 4059 non
866 4003 945 4074 longe
957 4004 992 4059 ab
1005 4004 1095 4060 insula
1107 4003 1209 4060 PharIa
1220 4005 1250 4058 in
1263 4004 1330 4074 loco,
1344 4021 1422 4074 quem
1435 4005 1469 4061 ob
1487 4006 1570 4061 huius

329 4093 370 4148 rei
389 4092 545 4146 memoriam
563 4106 661 4146 nomen
674 4091 719 4159 „la
730 4098 816 4161 punto
828 4089 871 4144 dei
883 4091 1004 4147 vescovi*
1020 4090 1170 4148 obtinuisse
1182 4097 1300 4148 censent
1356 4092 1367 4125 ⁶
1378 4093 1420 4147 De
1432 4093 1570 4148 territmio

328 4179 452 4236 arbensis
470 4179 645 4248 episcopatus
663 4178 722 4233 vide
740 4179 862 4234 chartam
874 4179 946 4247 regis
961 4179 1096 4234 Cresimiri
1110 4193 1133 4233 a.
1149 4182 1223 4236 10⁷0.
1237 4194 1279 4236 nr.
1291 4183 1325 4236 67
1337 4196 1364 4250 p.
1377 4183 1419 4235 67.
1487 4181 1528 4236 ⁷i.
1544 4196 1567 4235 e

331 4273 453 4336 tempore
472 4267 593 4322 Thomas
619 4265 812 4335 archidiaconi,
829 4266 916 4321 medic
936 4249 1044 4322 sae'culo
1062 4265 1135 4321 Xlll.
1243 4267 1255 4300 ⁸
1272 4271 1345 4323 Ante
1362 4268 1479 4324 medium
1497 4283 1568 4324 saec.

333 4353 386 4409 XII
405 4353 590 4424 episcopatum
608 4353 777 4423 scaniensem
794 4353 951 4410 restitutum
969 4355 1062 4423 luisse,
1081 4361 1158 4425 patet
1170 4370 1204 4410 ex
1216 4355 1332 4424 epistola
1343 4371 1432 4426 papae
1451 4355 1569 4411 Alexan·

328 4441 370 4498 dri
387 4441 427 4496 Ill
446 4441 573 4512 episcopo
590 4441 686 4496 idirco.
705 4441 810 4496 Farlati
828 4441 874 4511 IV,
895 4444 951 4498 118.
970 4441 1033 4499 Cori.
1047 4442 1112 4514 dipl.
1126 4443 1200 4499 CSD.
1213 4443 1249 4512 11,
1268 4447 1310 4499 84
1382 4443 1393 4475 '
1410 4443 1566 4500 Rastitntna

329 4544 384 4585 non
404 4529 519 4585 multum
537 4536 600 4586 ante
618 4546 644 4585 a.
665 4532 739 4585 1070.
760 4529 799 4585 Cf.
818 4546 859 4586 nr.
878 4531 920 4584 61.
937 4547 963 4602 p.
983 4533 1025 4584 86.
1090 4532 1110 4562 ¹⁰
1129 4531 1195 4588 Pcst
1212 4529 1387 4601 Stephanum,
1406 4533 1452 4601 qui
1466 4529 1569 4603 syuodo

1769 4973 1770 4990 ι

1172 5235 1651 5264 *flaua-*r*-

751 5271 1675 5282 *⁴—
