3548 5282
325 363 390 430 464

364 571 417 632 dar
451 569 627 645 1111111131
657 565 712 629 Bd.
742 567 765 648 1,
795 567 846 630 55.
874 569 925 629 73.
956 583 1107 648 praesens
1123 564 1296 648 captabant
1307 563 1494 633 remedium.
1504 565 1565 632 ilc-

371 655 930 756 11911111111807.1111111111-
963 670 1039 737 cidit
1069 675 1176 736 111111
1206 668 1342 751 quadam
1376 669 1443 748 die,
1479 669 1564 752 quod

367 743 481 804 chaud:
519 743 648 802 Histoire
680 740 732 802 des
762 741 931 801 Ororsadas.

368 831 454 890 Paris
472 829 605 909 13541,
623 829 673 889 94·
963 792 1001 840 ex
1023 773 1196 856 praedictis
1219 773 1479 840 malefactoribus
1497 789 1572 855 cap-

960 877 1001 944 tis
1025 877 1233 958 quibusdam,
1266 894 1372 943 comes
1400 895 1514 948 manus
1537 881 1571 943 et

328 981 428 1065 pedes
459 981 624 1064 praecepit
659 979 826 1062 amputari,
858 985 1026 1046 uteorum
1055 985 1218 1048 consortes
1248 981 1363 1046 saltem
1385 980 1445 1046 hac
1468 997 1571 1062 paena

327 1083 474 1152 deterriti
495 1085 669 1151 exercitum
692 1083 842 1166 persequi
864 1082 1081 1150 formidarent.
1107 1082 1250 1165 Cumque
1272 1084 1375 1150 tribus
1397 1083 1569 1151 hebdoma

326 1187 419 1256 dibus
442 1187 598 1257 coutinuis
614 1193 679 1252 tam
698 1186 856 1253 laborioso
879 1187 993 1254 itinere
1009 1188 1146 1271 regionis
1158 1193 1281 1269 partem
1295 1186 1570 1267 hanscurrisseut,

322 1293 546 1376 pervenientes
580 1289 621 1357 ad
651 1291 755 1357 locum
786 1291 836 1356 cui
867 1289 988 1357 Scodra
1020 1309 1146 1374 nomeu,
1178 1289 1363 1358 Salaromm
1392 1308 1501 1374 regem
1523 1290 1569 1356 ibi

321 1401 520 1478 repererunt.
545 1381 688 1475 Cumque
710 1394 855 1460 dominus
877 1411 991 1472 comas,
1016 1394 1098 1462 sicut
1120 1394 1168 1460 rir
1190 1395 1346 1477 benignus
1376 1399 1456 1474 erat,
1489 1392 1569 1461 affa-

322 1498 396 1565 bilis
419 1507 452 1566 et
481 1498 669 1576 misericors,
706 1499 806 1564 multa
835 1515 1001 1564 munerum
1025 1498 1217 1564 liberalitate
1246 1498 1417 1564 amicitiam
1440 1504 1567 1564 couna-

321 1602 402 1669 hens
425 1602 576 1685 sperabat
597 1601 716 1684 populo
738 1620 796 1668 suo
820 1601 1042 1686 indigenarum
1065 1601 1201 1685 gratiam
1218 1601 1371 1684 obtinere,
1394 1606 1434 1666 ut
1452 1600 1568 1667 saltem

323 1706 501 1772 commercii
525 1711 560 1773 et
587 1723 694 1772 rerum
716 1705 874 1770 reundum
904 1705 1027 1787 copiam
1055 1711 1324 1787 consequeretur;
1355 1705 1487 1772 taudem
1507 1722 1566 1771 uec

323 1809 386 1875 hac
406 1809 458 1875 ria
491 1808 673 1889 praedictae
696 1807 800 1892 gentis
830 1806 1030 1876 ferocitatem
1060 1808 1204 1877 emollire
1225 1808 1339 1891 potuit,
1370 1826 1450 1891 quos
1477 1808 1569 1874 dein·

324 1929 401 1994 ceps
423 1911 524 1978 multo
546 1913 705 1978 saeviores
735 1911 865 1977 iurauit.
898 1911 1040 1994 Cumque
1063 1932 1120 1995 per
1142 1912 1211 1979 dies
1242 1913 1333 1994 quasi
1355 1912 1568 1995 quadraginta

325 2033 451 2082 omnem
473 2014 667 2082 Dalmatiam
698 2015 798 2082 multo
832 2017 1084 2097 pertransissent
1104 2015 1223 2096 labore,
1257 2016 1386 2083 1111111
1414 2033 1565 2097 perrone

323 2125 399 2185 runt
420 2117 624 2184 Durrachium.

412 2241 559 2302 Willormi
580 2242 724 2318 Γ11111111
744 2240 961 2318 archiepiscopi
984 2241 1127 2304 historiae
1149 2243 1199 2305 lib.
1216 2244 1255 2319 Π,
1272 2262 1298 2303 1.
1318 2245 1367 2303 17.
1384 2241 1567 2318 Bougaraius

369 2346 417 2404 op.
434 2329 524 2410 citi,
542 2329 724 2389 660-661.
741 2328 862 2389 Racueil
885 2327 939 2389 dee
961 2329 1128 2391 Historieus
1143 2329 1196 2390 das
1212 2329 1380 2408 Oroiaadaa,
1395 2329 1496 2405 publia
1511 2345 1567 2404 par

365 2415 409 2475 les
425 2414 505 2474 soiua
521 2413 558 2474 de
574 2413 593 2474 l'
602 2415 764 2476 Academia
778 2414 864 2489 royal
880 2413 933 2474 das
956 2414 1161 2493 inscriptions:
1183 2416 1348 2477 Historiam
1370 2414 1566 2477 occidantuux

367 2501 390 2580 1,
410 2504 438 2562 1.
455 2516 484 2577 p.
503 2502 618 2563 96-8.
635 2500 720 2560 Paria
738 2500 832 2560 1844.

406 2586 528 2665 Auctor,
552 2585 751 2648 consimiliter
773 2586 988 2662 Hierosolymis
1012 2588 1093 2648 circa
1114 2606 1142 2650 a.
1162 2589 1244 2648 11117
1268 2591 1365 2665 nutus,
1382 2585 1504 2647 Parisiis
1520 2587 1567 2648 lit-

365 2673 437 2732 taris
452 2675 596 2750 excultus,
614 2673 693 2733 cirea
708 2691 735 2732 a.
755 2673 842 2733 1140
854 2672 952 2733 adbuc
967 2673 1091 2751 iuvenis,
1108 2692 1135 2735 a.
1155 2676 1236 2734 1167
1261 2673 1487 2734 archidiaconus
1503 2672 1565 2750 Tp-

365 2759 470 2838 rensis,
482 2759 599 2835 lagatus
611 2758 649 2819 ad
662 2757 843 2819 Graecorum
855 2759 1072 2836 imperatorem,
1089 2779 1116 2820 a.
1136 2763 1219 2821 1174
1235 2760 1308 2836 Tyri
1325 2759 1567 2837 archiepiscopus

366 2847 472 2906 laetus.

367 2963 473 3030 Factis
496 2961 595 3046 igitur
616 2963 718 3030 tribus
741 2963 854 3029 turmis
877 2980 916 3028 ex
939 2965 1024 3030 omui
1045 2963 1110 3042 illa,
1135 2981 1216 3046 quae
1238 2964 1280 3030 od
1302 2964 1335 3030 id
1353 2964 1416 3030 iam
1432 2981 1566 3030 eonsen-

322 3074 419 3153 serat‚
449 3066 669 3147 multitudiue,
702 3084 766 3132 uua
796 3084 869 3149 pars
900 3085 1009 3134 eorum
1029 3083 1102 3133 ¹cum
1136 3067 1217 3135 duce
1254 3067 1400 3135 Gotfrido
1431 3074 1465 3134 et
1497 3067 1566 3135 eius

321 3171 422 3237 fratre
444 3169 600 3237 Balduino
635 3176 668 3237 et
689 3189 761 3237 cum
791 3171 905 3238 comite
927 3169 1084 3239 Balduiuo
1108 3172 1149 3238 do
1171 3171 1291 3251 Monte,
1317 3173 1411 3238 simul
1438 3177 1472 3238 et
1494 3189 1565 3237 eum

322 3276 461 3357 quodam
484 3275 582 3340 Petro
606 3273 771 3352 heremita,
796 3291 889 3355 quern
920 3274 1113 3355 sequebatur
1135 3276 1247 3357 iugens
1276 3277 1372 3342 turba
1393 3275 1567 3342 Alemann-

325 3398 425 3458 orum,
450 3377 626 3460 ngariam
648 3379 793 3463 ingressi,
828 3396 886 3460 per
908 3379 1000 3461 viam,
1024 3395 1118 3460 quam
1141 3379 1215 3446 olim
1238 3397 1293 3444 rex
1309 3379 1443 3446 Carolus
1464 3383 1567 3444 statu·

324 3486 403 3566 erat,
439 3482 547 3550 abiere
578 3479 905 3564 Constantinopolim
945 3481 1000 3547 ubi
1037 3483 1101 3546 iam
1136 3480 1208 3548 illos
1241 3482 1495 3550 Lombardorum
1528 3500 1567 3549 aa

323 3585 604 3668 longobardorum
625 3584 761 3652 maxima
774 3585 944 3652 multitudo
966 3591 1184 3667 praevenerat.
1208 3585 1287 3651 Pars
1310 3604 1385 3654 vero
1409 3587 1566 3654 11111111

325 3689 503 3755 Raimundo
533 3689 648 3754 comite
676 3689 779 3756 sancti
809 3688 915 3770 Egidii
947 3694 1078 3755 etcum
1109 3689 1258 3773 episcopo
1288 3689 1438 3756 Podiensi
1468 3691 1566 3773 (Ade-

325 3791 439 3872 mario)
461 3809 520 3875 per
543 3791 741 3859 sclavoniam
764 3791 896 3874 perexit.
931 3781 1041 3859 Tertia
1073 3798 1180 3858 autem
1214 3811 1289 3875 pars
1312 3811 1370 3876 per
1402 3796 1566 3876 antiquum

324 3901 459 3963 stratam
482 3895 617 3962 Romam
639 3897 742 3974 venit,
774 3912 845 3962 eum
867 3895 1010 3964 Roberto
1032 3895 1153 3962 scilicet
1175 3896 1291 3963 comite
1321 3897 1509 3963 Flandransi
1532 3904 1566 3964 et

324 3999 466 4067 Robcrto
489 3999 603 4067 comite
624 3999 848 4078 Normanniae,
880 4005 913 4065 et
935 3997 1082 4082 Hugoue,
1112 3999 1166 4081 qui
1190 4007 1324 4068 vocatus
1346 4005 1397 4068 est
1418 3999 1565 4081 Magnus,

323 4109 356 4171 et
377 4103 546 4170 Guillelmo
562 4102 725 4168 Marehisii
742 4101 931 4186 (Marchusi)
947 4101 1011 4169 filio
1033 4121 1104 4169 curn
1127 4103 1199 4170 aliis
1219 4103 1424 4185 pluribus...
1449 4103 1565 4170 Comes

323 4207 447 4274 interea
469 4227 494 4274 e.
518 4206 625 4290 Egidii
656 4223 727 4271 cum
757 4205 907 4273 Podiausi
930 4207 1089 4289 episcopo,
1120 4213 1193 4289 post
1214 4208 1315 4274 multa
1344 4207 1485 4290 pericula
1514 4207 1567 4274 rix

323 4311 364 4377 de
387 4309 574 4378 Selarorum
597 4313 683 4376 tarra
705 4326 862 4390 egressus,
894 4309 984 4375 veuit
1004 4309 1232 4393 Dirrarchium,
1254 4310 1391 4393 indeque
1414 4327 1564 4393 progres-

322 4431 376 4479 sus
399 4418 472 4496 post
495 4413 563 4480 dies
585 4412 707 4495 aliquot
728 4411 872 4480 introivit
892 4411 1209 4496 Constantinopolim.

411 4535 577 4597 chronicon
599 4538 770 4598 monasterii
792 4537 961 4598 Oasiuanais
984 4538 1035 4600 lib.
1058 4537 1111 4601 IV.
1135 4557 1159 4600 c.
1186 4540 1235 4601 11.
1252 4537 1339 4601 Perta
1355 4537 1408 4624 IX,
1426 4539 1566 4604 765-6.

365 4621 527 4685 Muratori:
543 4622 652 4704 Script.
668 4641 726 4688 rer.
743 4624 804 4688 ital.
822 4624 875 4708 IV,
892 4625 976 4687 498.·
