3572 5276
307 355 369 422 388

349 563 454 622 mirum
470 564 604 638 nonest,
625 560 662 620 de
677 564 802 635 utroque
823 557 1057 619 ,controversiam
1083 557 1171 632 paulo
1193 561 1260 634 post
1283 555 1391 618 ibidem
1415 558 1549 617 exortam

350 649 441 708 fuisse
457 649 498 726 (v.
514 647 592 706 Aeta
606 647 721 706 oonoilii
737 664 765 708 a.
784 648 856 708 994.
874 664 918 706 nr.
938 648 1009 727 149,
1026 663 1056 720 p.
1076 647 1135 704 187
1152 643 1217 724 ea).

341 784 350 817 ¹
368 768 579 848 (introeuntia,
607 781 747 834 Moreviae
771 793 886 848 magnae
910 777 974 832 dux.
1048 779 1058 808 ²
1077 777 1151 831 Obiit
1169 793 1193 832 a.
1212 779 1272 832 894.
1292 775 1427 846 Pelaoky:
1451 774 1552 846 Dtjiny

306 868 410 924 ntrodu
428 868 554 924 tesktho.
574 867 607 920 D.
628 870 650 933 Ι,
669 867 692 919 t.
714 870 795 920 latr.
817 866 873 921 165.
892 864 1044 918 Dummler:
1072 863 1162 919 Ueber
1186 863 1229 916 die
1253 861 1366 918 sudostl.
1390 862 1508 917 Markeu
1526 861 1553 916 S.

307 960 350 1012 51.
424 955 435 986 ³
457 955 567 1008 Scilicet
593 955 664 1007 inter
688 951 812 1007 defuncti
835 949 998 1022 svatoptuki
1025 949 1098 1005 filios
1121 951 1279 1020 Mojmirum
1304 956 1332 1004 et
1357 947 1555 1018 suatoplukum

306 1042 450 1097 iuniorem.
523 1041 531 1069 ⁴
554 1041 572 1095 i.
591 1055 613 1094 e.
632 1038 758 1108 Megjeri,
777 1037 910 1106 Hungeri.
984 1036 994 1067 ⁵
1012 1040 1046 1090 A.
1059 1039 1172 1092 aus-6.
1192 1035 1312 1106 Paiaoky
1329 1051 1373 1104 op.
1394 1036 1439 1089 eit.
1452 1052 1480 1105 p.
1495 1037 1553 1090 172.

303 1129 447 1184 Diimmler
466 1126 531 1182 ibid.
550 1143 576 1196 p.
594 1131 636 1184 67.

864 1419 998 1494 197.

302 1528 325 1591 t
341 1528 456 1589 tlt-it.

302 1662 518 1750 Butparorum
540 1663 595 1726 sub
619 1660 766 1747 symeone
789 1683 857 1726 oum
879 1661 1076 1745 Zoohutmio,
1099 1659 1222 1725 Sortito
1245 1665 1273 1724 et
1295 1657 1444 1722 Obroatio
1466 1656 1548 1722 reta·

873 1767 980 1832 tiones.

302 2029 384 2092 too.
916 1979 944 2038 ¹·

302 2164 438 2263 Mirtoet
459 2163 699 2230 Zoclrtumorom
722 2162 788 2227 dur
812 2161 950 2243 Petrum,
980 2161 1180 2226 Venetiorum
1202 2161 1292 2225 dures
1320 2157 1394 2224 Ursi
1410 2156 1545 2222 Partiri-

298 2270 383 2353 potii
402 2267 444 2332 Il
461 2265 573 2353 fitium,
596 2269 632 2332 iu
654 2267 804 2332 limitibus
829 2266 999 2332 Utrootioe
1021 2267 1105 2350 rupit
1128 2273 1156 2331 et
1179 2263 1391 2350 Butpororum
1413 2263 1482 2348 repr'
1495 2259 1546 2325 Si-

766 2373 867 2436 meoni
889 2372 1082 2436 transmittit.

345 2511 433 2578 Vixit
455 2518 564 2578 autem
586 2512 650 2576 iarn
674 2511 777 2576 dietus
800 2511 915 2576 Petrus
938 2511 1017 2576 dux¹
1033 2511 1065 2575 in
1088 2509 1205 2576 ducam
1227 2509 1319 2574 anuis
1342 2505 1545 2574 23111ωο1-

303 2623 378 2684 tuus
401 2622 452 2683 est
466 2665 472 2678 .
487 2665 515 2680 ..
540 2615 641 2694 Quem
665 2616 820 2681 suecessit
842 2615 883 2680 ad
902 2614 985 2680 hano
1006 2615 1179 2696 regendam
1201 2613 1390 2697 dignitatem
1412 2612 1545 2678 domnus

302 2720 406 2795 Ursus
429 2725 639 2803 cognomento
662 2719 873 2797 Partioiaous‚
898 2719 951 2800 qui
973 2737 1047 2782 mox
1068 2723 1105 2782 ut
1128 2718 1192 2782 dux
1215 2715 1349 2783 effeetus
1372 2720 1431 2796 eat,
1453 2732 1546 2782 suum

302 2824 410 2905 filiurn,
434 2826 563 2890 Petrum
587 2825 722 2906 nomine,
748 2821 1054 2903 Constantinopolim
1086 2822 1127 2885 ed
1150 2821 1291 2887 Leonem
1318 2821 1546 2903 imperatorem

304 2928 484 2994 destinavit.
510 2927 611 3004 Quem
633 2929 805 3008 imperator
822 2944 891 2991 eum
908 2927 1029 2992 honore
1044 2925 1227 3009 suscipiens,
1251 2923 1543 3007 protospatharium

301 3031 393 3112 feeit,
418 3032 616 3114 ditatumque
646 3031 789 3096 maximis
814 3030 904 3096 donis
927 3031 968 3096 ad
998 3031 1129 3111 propria
1158 3029 1264 3095 redire
1293 3027 1448 3110 permisit.
1483 3025 1545 3105 Qui

305 3136 379 3202 dum
404 3134 614 3203 chroatorum
646 3133 727 3200 fines
748 3134 875 3201 rediens
903 3135 1039 3200 transire
1062 3133 1169 3218 vellet,
1193 3152 1213 3198 a
1234 3132 1391 3198 Michaele
1413 3131 1543 3200 Selavo-

305 3259 374 3306 rum
399 3241 479 3306 duee
500 3239 612 3304 fraude
637 3238 799 3321 deeeptus,
825 3237 1034 3319 omnibusque
1055 3237 1148 3303 bonis
1171 3236 1323 3322 privatus,
1347 3242 1444 3317 atque
1466 3233 1544 3301 Vul-

300 3344 406 3426 garico
431 3343 515 3426 regi,
548 3341 688 3409 Simeoni
718 3342 861 3422 nomine,
893 3341 978 3407 exilii
1008 3359 1091 3423 pena
1121 3341 1325 3407 transmissus
1348 3345 1407 3407 est.
1443 3337 1545 3417 Quem

303 3455 395 3530 pater
418 3448 576 3530 perditum
600 3447 716 3514 aeriter
732 3447 852 3525 dolens,
876 3445 1003 3512 minime
1027 3445 1192 3527 acquirere
1212 3446 1320 3527 quivit,
1344 3445 1472 3510 interim
1486 3462 1545 3526 per

304 3569 396 3617 suum
418 3553 659 3626 internuncium,
682 3551 879 3616 Dominieum
904 3550 1055 3616 videlieet
1077 3549 1367 3616 Metamaueeusem
1389 3547 1544 3614 orchidia·

302 3673 427 3735 conum,
451 3656 505 3737 qui
528 3661 642 3738 postea
665 3655 832 3738 episcopus
855 3653 988 3720 effectus
1012 3660 1070 3738 est,
1095 3654 1162 3718 suis
1186 3653 1276 3719 donis
1299 3653 1479 3720 redimeret

389 3797 533 3856 Johannis
549 3795 649 3855 chron.
667 3802 764 3857 venet.
781 3797 885 3855 Perta:
902 3796 981 3855 Mon.
998 3794 1098 3857 Germ.
1109 3794 1162 3858 SS.
1176 3794 1242 3874 VII,
1260 3794 1543 3855 294911111-

346 3883 407 3943 uoti
424 3883 522 3943 ohron.
541 3900 589 3958 ap.
605 3883 746 3942 Muratori
763 3881 831 3961 XII,
851 3884 922 3944 198.

347 4019 353 4048 ¹
371 4017 458 4072 Filius
476 4017 610 4072 Dominioi
629 4017 731 4071 tribuni
752 4016 800 4085 „de
819 4015 936 4086 agnella
954 4015 1048 4085 neptia
1062 4015 1136 4069 Petri
1154 4013 1303 4085 superioris
1320 4014 1421 4069 ducia‘.
1477 4015 1543 4068 'Ab

298 4121 369 4160 anno
387 4099 440 4159 888
459 4103 598 4172 usquead
617 4120 660 4158 an.
680 4107 731 4160 911
751 4120 785 4158 m.
807 4120 862 4172 apr.
884 4102 927 4156 ael
944 4103 1007 4156 mai.
1027 4102 1152 4158 Gfrtrer:
1171 4101 1381 4172 Byzantinieohe
1399 4100 1546 4157 (ieaehioh-

304 4197 351 4245 ten
370 4193 391 4260 Ι,
411 4193 470 4246 295,
