3520 5422
1339 395 1378 456 57

145 599 203 665 alii
224 600 321 666 uariis
343 599 507 666 tormentis
529 618 588 665 sua
609 605 809 666 macerantes
827 618 961 684 corpora
975 601 1118 683 spiritum
1141 600 1377 668 exhalaremnt.

146 703 197 769 Ex
220 723 352 786 quorum
382 719 512 770 numero
541 722 604 770 non
633 721 742 770 sumus
770 704 860 784 licet,
891 713 995 772 tamen
1025 706 1064 772 de
1087 706 1137 771 dei
1160 707 1274 772 timore
1297 723 1379 772 com·

147 809 260 892 puncti
282 809 378 876 corde
401 809 587 876 delictorum
612 815 792 876 nostrorum
806 810 1044 876 reminiscentes
1060 819 1181 876 reatum
1198 829 1255 878 nos
1272 827 1379 876 omnes

147 913 256 980 accole
278 911 405 978 Arbore
432 913 569 980 ciuitatis
599 913 724 980 ardenti
753 913 921 981 dilectione
950 922 984 981 et
1013 915 1108 981 nimio
1138 915 1326 982 unanimiter
1347 915 1379 980 in

45 1037 50 1046 ·
147 1019 254 1084 insula
286 1023 396 1084 nostra
425 1023 611 1100 exoptamus
640 1017 774 1085 insudare
804 1019 1046 1100 monesterium,
1078 1028 1203 1103 portum
1233 1020 1380 1086 uidelicet

148 1123 264 1190 salutis
277 1121 450 1188 animorum
463 1129 652 1188 nostramm.
684 1123 787 1206 Igitur
802 1125 835 1189 in
849 1125 1003 1207 principio
1019 1143 1078 1208 ego
1093 1125 1257 1208 episcopus
1273 1126 1380 1207 Draga

147 1245 220 1293 cum
243 1227 327 1294 omni
350 1234 459 1293 nostro
483 1226 569 1293 clero
592 1234 626 1292 ot
647 1227 752 1294 Maius
774 1229 862 1312 prior
891 1247 960 1294 cum
990 1229 1073 1294 omni
1096 1230 1212 1311 populo
1240 1229 1380 1311 predicte

148 1333 248 1414 urbis,
275 1331 432 1398 nobilibus
461 1337 495 1399 et
524 1331 734 1416 ignobilibus,
765 1333 935 1398 maioribus
963 1331 1198 1415 minoribusque
1227 1332 1382 1399 communi

148 1453 323 1504 consensu:
350 1440 404 1516 „ut
423 1437 458 1503 in
478 1436 630 1503 bonorem
653 1436 770 1503 domini
792 1437 891 1502 nostri
913 1437 989 1504 Jesu
1014 1437 1132 1502 Christi
1155 1445 1188 1504 et
1209 1457 1284 1503 uere
1307 1455 1379 1520 per-

147 1541 298 1622 fecteque
318 1541 470 1608 trinitatis
490 1559 528 1608 ac
550 1542 645 1610 beate
667 1541 768 1607 Marie
790 1543 949 1624 genitricis
973 1543 1022 1609 dei
1047 1561 1234 1624 semperque
1249 1541 1381 1624 uirginis

147 1666 188 1712 ac
210 1647 348 1712 omniurn
370 1653 549 1714 sanctorum
570 1647 603 1713 in
626 1654 737 1712 nostra
758 1647 861 1713 insula
883 1647 1108 1713 monasterium
1126 1655 1300 1723 construas,
1323 1645 1382 1712 tibi

147 1750 281 1817 Fulconi
304 1751 411 1817 abbati
429 1751 556 1834 tuisque
578 1753 810 1818 successoribus
833 1753 1043 1831 concedimus,
1067 1752 1244 1818 stabilimus
1260 1755 1294 1818 ot
1308 1769 1380 1833 per-

148 1861 249 1939 petuo
265 1855 334 1922 iure
348 1855 545 1922 roboramus.
569 1855 674 1922 Unam
690 1857 865 1933 ecclesiam,
887 1875 948 1937 que
964 1863 1013 1922 est
1027 1855 1197 1922 hedificata
1210 1857 1244 1920 in
1259 1855 1383 1922 nomine

148 1961 237 2026 beati
251 1960 340 2026 Petri
355 1961 570 2041 apostolorum
586 1959 743 2042 principis,
766 1979 836 2026 cum
852 1963 916 2028 suis
932 1961 1121 2044 appenditiis
1134 1981 1191 2044 per
1205 1960 1383 2028 huiusmodi

147 2064 263 2130 finem:
286 2063 431 2145 primitus
452 2082 472 2129 a
494 2065 598 2147 capite
620 2065 754 2131 macerie
778 2085 797 2130 a
818 2071 924 2132 monte
956 2083 1056 2148 usque
1086 2067 1126 2132 ad
1149 2065 1250 2132 riuum
1273 2071 1307 2130 et
1328 2066 1382 2131 de-

148 2168 331 2236 scendendo
354 2187 410 2250 per
433 2167 537 2234 riuum
563 2185 665 2251 usque
686 2171 728 2235 ad
750 2188 837 2234 mare
861 2175 895 2236 et
916 2188 974 2253 per
995 2189 1082 2236 mare
1106 2172 1147 2237 ad
1169 2169 1383 2236 molendinum

149 2279 185 2341 et
207 2273 406 2340 ascendendo
428 2291 488 2356 per
508 2273 624 2341 montis
647 2274 796 2340 uerticem
820 2281 854 2339 et
876 2275 978 2342 eundo
1001 2294 1059 2357 per
1079 2274 1166 2340 illurn
1181 2274 1296 2341 montis
1310 2293 1383 2340 uer·

148 2379 246 2444 licem
269 2395 368 2460 usque
390 2377 423 2442 in
446 2378 554 2460 priora
576 2374 719 2454 confinia,
741 2377 800 2443 tibi
823 2379 953 2444 Fulconi
976 2379 1082 2445 abbati
1101 2386 1134 2446 et
1150 2379 1383 2446 successoribus

148 2484 216 2549 tuis
238 2482 468 2564 perpetualiter
490 2480 707 2563 impendimus.
732 2480 834 2546 Aliam
856 2483 990 2564 denique
1013 2484 1177 2549 ecclesiam
1201 2484 1301 2552 sancti
1324 2482 1383 2565 cy-

148 2587 254 2671 priani
276 2585 430 2653 uocabulo
453 2585 611 2652 conditam
634 2587 927 2668 compertinentiis
951 2595 983 2653 ct
1005 2587 1199 2669 appendiciis
1229 2589 1294 2654 suis
1310 2605 1382 2654 con·

149 2691 293 2757 ccdimus
323 2709 381 2773 per·
409 2689 590 2757 huiusmodi
619 2689 729 2757 finem:
760 2711 779 2756 a
809 2692 880 2758 nale
911 2691 1170 2774 obsecransque
1201 2693 1233 2758 in
1265 2691 1378 2758 uallem

150 2798 192 2862 de
216 2795 377 2875 Drusina¹
400 2795 478 2862 alias
501 2801 567 2860 tres
598 2801 706 2876 partes
736 2815 822 2862 mare
852 2797 1039 2875 circumdat,
1069 2817 1131 2864 una
1161 2815 1230 2862 cunr
1262 2797 1382 2862 marina

149 2901 361 2982 omnibusque
375 2900 513 2983 scopulis
529 2899 570 2966 ad
585 2900 671 2965 istud
682 2902 929 2981 promontorium
948 2902 1190 2968 subiacentibus.
1215 2903 1257 2966 Et
1273 2902 1382 2977 ualles

148 3025 217 3089 que
240 3011 315 3072 sunt
336 3012 415 3088 aput
435 3012 576 3070 sanctum
600 3003 799 3087 cyprianum,
824 3007 961 3086 stollas,
985 3024 1047 3088 que
1061 3015 1134 3072 sunt
1150 3014 1227 3089 aput
1242 3013 1384 3072 sanctum

149 3112 292 3188 Petrum,
315 3109 375 3174 bac
397 3109 575 3176 conditione
598 3109 769 3188 donamus,
803 3117 840 3174 ut
869 3110 973 3175 nullus
1005 3114 1071 3176 sine
1103 3119 1208 3178 uestro
1237 3111 1383 3177 iussionis

146 3215 278 3281 licentia
300 3232 354 3280 eas
376 3213 492 3296 piscari
516 3213 651 3292 audeat3
676 3219 709 3280 et
731 3215 908 3296 quicunque
932 3233 1000 3280 cum
1018 3223 1127 3282 uestra
1142 3215 1269 3281 licentia
1284 3217 1383 3298 pisca·

149 3327 245 3386 turus
260 3318 436 3398 intrauerit,
460 3323 605 3399 quartam
620 3324 744 3400 partem
760 3320 892 3400 piscium
912 3320 1066 3385 attribuat
1081 3320 1269 3387 monasterio
1285 3321 1384 3386 sancti

149 3423 249 3490 Petri.
273 3421 366 3487 Nunc
388 3427 495 3488 autem
517 3440 575 3489 nos
597 3422 703 3504 Drago
727 3425 922 3505 prescriptos
955 3425 1120 3506 episcopos
1152 3425 1192 3492 de
1221 3425 1385 3490 uoluntate

149 3528 253 3595 totius
277 3528 378 3593 nostri
401 3525 476 3592 cleri
499 3530 532 3593 et
553 3525 657 3592 Maius
680 3527 767 3608 prior
789 3534 822 3594 et
844 3534 974 3594 cunctos
1002 3530 1137 3612 populus
1167 3530 1225 3595 tibi
1255 3529 1386 3594 Fulconi

148 3635 280 3712 tuisque
303 3631 539 3698 successoribus
560 3631 607 3698 ita
629 3630 721 3698 uobis
743 3633 961 3712 concedimus,
993 3639 1028 3699 ut
1058 3635 1234 3716 ubicunque
1266 3635 1306 3700 de
1336 3635 1385 3699 bis

149 3737 279 3804 duobus
302 3735 492 3802 uenerandis
514 3735 592 3802 locis
615 3736 809 3818 complaceat
826 3738 924 3816 uocis,
950 3737 1075 3804 domino
1093 3739 1303 3820 cobopersnte
1318 3757 1384 3804 mo-

152 3840 331 3908 nasterium
356 3841 547 3908 construatis
578 3839 668 3906 uobis
699 3841 876 3924 uestrisque
906 3843 1156 3923 successoribus
1187 3843 1268 3909 sicut
1297 3862 1387 3910 sacra

149 3943 330 4013 beatissimi
351 3943 517 4012 Benedicti
540 3945 653 4012 edocet
675 3945 794 4030 regula.
817 3947 944 4030 Integre
966 3947 1022 4012 illa
1043 3948 1227 4015 ueneranda
1247 3948 1325 4028 loco,
1349 3953 1385 4014 ut

150 4051 299 4133 superius
315 4047 543 4135 constituimus,
568 4067 638 4114 cum
653 4049 785 4131 prelatis
801 4051 943 4118 ecclesiis
966 4057 999 4117 et
1014 4053 1158 4118 omnibus
1184 4051 1385 4118 interioribus

148 4173 189 4222 ac
210 4153 426 4238 superioribus
458 4153 524 4220 suis
554 4160 587 4220 et
616 4171 685 4220 cum
707 4154 767 4221 uiis
797 4157 879 4234 suis,
910 4149 1107 4240 ingrediendi
1140 4163 1173 4223 et
1194 4156 1386 4240 egrediendi,

150 4259 299 4338 habendi,
324 4257 506 4342 possidendi
529 4264 563 4324 et
585 4276 708 4325 omnem
731 4259 871 4326 ordinem
902 4261 1156 4328 monasterialem
1179 4261 1222 4326 ibi
1252 4261 1388 4328 faciendi

151 4361 372 4448 (facultatem)
406 4363 616 4430 concedimus.
650 4361 777 4430 Nullam
808 4383 944 4447 namque
983 4366 1228 4433 reseruationem
1260 4365 1389 4432 cuilibet

150 4474 320 4552 parentum
335 4467 386 4534 vel
400 4466 552 4535 heredum
568 4469 744 4551 aliquorum
758 4476 939 4538 nostrorum
962 4470 1095 4537 facimus
1118 4471 1192 4536 inde
1208 4476 1264 4535 out
1278 4487 1386 4552 quam-

152 4573 231 4640 libet
253 4572 432 4656 porticnem
454 4573 653 4656 requirendi;
680 4573 737 4642 sed
752 4593 790 4641 eo
805 4575 900 4644 modo
917 4577 1135 4642 constituimus
1150 4582 1184 4643 et
1199 4574 1387 4641 stabiliendo

87 4668 94 4677 “
155 4675 326 4759 firmamus,
350 4683 387 4744 ut
410 4676 437 4744 si
459 4677 565 4760 aliquo
597 4683 740 4761 tempore
763 4679 814 4746 uel
838 4698 895 4746 nos
919 4679 970 4746 uel
993 4680 1107 4761 aliquis
1131 4685 1308 4747 nostrorum
1332 4698 1387 4760 pa·
