3494 5410
1321 427 1386 492 113

153 631 401 699 consecracionis
423 629 557 712 ecclesie
583 631 685 698 nostri
707 631 924 716 episcopatus,
953 637 1063 712 sancte
1086 629 1186 714 llario
1210 629 1375 713 uocabulo,

22 735 23 766 ³
148 737 295 802 auxilium
317 736 410 804 immo
434 735 609 803 subsidium
638 735 802 802 memorati
832 735 954 802 cenobii
977 755 996 802 a
1018 736 1110 804 nobis
1131 737 1318 820 perquirens
1341 741 1374 804 et

21 869 22 894 r
150 839 249 922 regali
271 839 385 906 throno
408 856 479 908 cunr
509 840 575 904 arus
605 837 792 922 quibusdam
823 839 983 905 sororibus
1014 857 1119 906 coram
1148 840 1239 906 nobis
1268 839 1378 906 astitit.

21 941 24 1032 ζ
150 941 243 1010 Unde
265 941 410 1010 consultu
438 943 576 1010 omnium
604 959 768 1009 seruorum
799 941 850 1009 dei
873 948 905 1008 et
927 942 1078 1009 nobilium
1106 949 1295 1022 nostrorum,
1327 944 1381 1025 qui

21 1105 23 1132 ,
149 1047 257 1130 moia
278 1047 329 1114 dei
351 1047 435 1128 dicte
459 1046 673 1128 solempnitati
696 1045 901 1130 aduenerant,
925 1047 1137 1129 propensione
1159 1054 1194 1112 et
1214 1047 1380 1113 uoluntate

21 1217 23 1224 .
149 1149 273 1233 prefate
297 1150 466 1232 ¹abbatisse,
490 1156 524 1216 et
545 1151 620 1232 quio
635 1149 723 1217 locus
737 1151 871 1218 teritori
887 1148 990 1216 sidero
1005 1151 1198 1216 monasterio
1214 1151 1381 1232 contiguus

21 1339 22 1344 Ἰ
150 1255 326 1334 uidebatur,
349 1260 460 1322 nostra
481 1254 581 1338 regali
603 1259 773 1337 potestate,
796 1253 880 1336 quod
903 1253 1033 1320 Pustiza
1054 1255 1245 1334 nominatur,
1268 1272 1382 1338 perpe·
1485 1329 1488 1336 ,

148 1365 203 1426 tuo
234 1360 302 1427 iure
331 1357 557 1444 possidendum
588 1358 649 1424 sibi
677 1357 903 1426 inuiolabiliter
932 1359 1143 1424 concessimus
1173 1359 1206 1424 in
1236 1357 1382 1425 Lucani.¹

20 1541 22 1554 Ι
149 1463 264 1530 Actum
286 1469 337 1530 est
358 1463 419 1530 hoc
440 1463 474 1529 in
496 1461 573 1528 uilla
594 1461 702 1542 recall,
727 1480 789 1544 quo
806 1463 836 1528 in
852 1462 921 1530 loco
937 1464 999 1528 iam
1015 1463 1100 1528 dicta
1116 1463 1249 1530 ecclesia
1271 1470 1382 1546 sancte

20 1569 21 1578 ’
147 1567 249 1648 liaris
272 1564 351 1654 (sita
360 1566 497 1647 nudetur,
520 1566 584 1650 his)
606 1585 713 1632 coram
735 1566 886 1633 testibus:
910 1566 942 1631 in
958 1567 1068 1650 primis
1084 1584 1188 1634 coram
1205 1567 1381 1634 Laurentio

149 1670 343 1758 ueneraibili
365 1671 611 1754 archiepiscopo,
634 1671 730 1736 Petro
745 1671 922 1737 chroatensi
938 1671 1094 1753 episcopo,
1117 1669 1281 1753 Stephano
1296 1672 1382 1740 iade-

146 1777 235 1844 rensi
257 1776 415 1858 episcopo,
437 1773 582 1842 Jobanne
605 1775 794 1858 traguriensi
818 1775 984 1857 episcopo,
1012 1773 1156 1840 Johonne
1179 1775 1281 1840 sancti
1301 1774 1380 1841 Bar·

147 1881 300 1948 tholomei
322 1880 446 1960 abbate,
470 1880 566 1946 Petro
578 1879 780 1964 belgradensi
794 1878 920 1956 abbate,
944 1877 1107 1945 Dominico
1131 1880 1246 1964 tep)zi,
1270 1879 1383 1946 Jurina

19 1999 21 2020 ¹
147 1984 338 2066 tonenstico,
366 1982 487 2052 Uiseno
509 1982 652 2068 puletico.
676 1982 735 2050 Isti
757 1981 797 2050 od
820 1981 988 2066 (nostram)
1012 1979 1283 2051 confirmacionem
1308 2001 1378 2050 cum

19 2083 21 2162 Ῐ
151 2089 385 2172 (innumerabili
406 2087 623 2172 multiltudine
643 2087 760 2154 ibidem
782 2092 907 2154 astante
929 2084 1096 2154 sufficiant.
1124 2087 1277 2154 iacobum
1300 2105 1377 2154 uero

19 2241 21 2244 -
148 2195 261 2262 ducem
284 2194 497 2262 marianorum
520 2211 558 2260 er
579 2199 671 2274 parte
694 2197 803 2258 nostra
816 2191 956 2276 legatum
972 2199 1005 2259 et
1019 2191 1265 2259 introductorem
1281 2191 1379 2258 abba-

19 2345 20 2350 ,
147 2299 226 2380 risse
249 2295 373 2364 berlin
395 2298 577 2364 memoratis
601 2297 695 2363 terris
719 2296 926 2378 permisimus.
950 2293 985 2362 si
1007 2295 1077 2378 quis
1100 2314 1177 2362 uero
1194 2315 1304 2379 regom
1326 2296 1378 2362 uel

146 2403 333 2487 principum,
359 2401 554 2485 iupanorum,
585 2419 685 2484 parua
707 2402 775 2468 siue
797 2419 911 2484 magna
934 2418 1071 2481 persona
1090 2399 1163 2467 huic
1184 2405 1292 2484 nostre
1319 2402 1377 2468 do·

18 2553 21 2594 4
146 2508 272 2576 nacioni
294 2507 450 2574 contraire
472 2507 692 2588 temptauerit:
715 2507 830 2572 trinum
847 2512 881 2572 et
896 2523 993 2572 unum
1008 2504 1229 2574 deumhabeat
1251 2507 1376 2588 iratum,

18 2643 19 2650 .
147 2624 181 2680 et
204 2630 259 2678 ccc
274 2619 377 2678 torum
401 2611 510 2678 decem
525 2617 559 2678 et
574 2616 645 2678 octo
669 2615 848 2676 sanctorum
877 2617 1088 2693 consequatur
1116 2609 1380 2678 maledictionem.

146 2717 190 2784 Et
213 2715 438 2802 molendinum,
461 2733 523 2798 que
545 2723 594 2782 ast
616 2714 683 2780 uita
704 2715 853 2797 ipsorum,
878 2714 1021 2780 similiter
1043 2711 1107 2780 fiat.

186 2838 259 2922 Ego
282 2837 469 2906 Theodorus
490 2837 658 2922 presbiter,
678 2841 711 2903 et
733 2835 866 2917 ecclesie
899 2837 1001 2903 salicti
1031 2835 1157 2904 Domnii
1180 2843 1215 2904 et
1236 2835 1378 2905 eiusdem

18 3003 19 3012 .
146 2945 235 3031 regis
256 2941 472 3023 cancellarius,
496 2942 606 3026 scripsi
630 2949 662 3008 et
683 2959 752 3007 sum
775 2941 866 3010 testis
888 2941 1015 3009 ibidem.

233 3067 317 3146 Orig.
341 3057 512 3130 membrana
534 3067 576 3128 lit.
599 3067 679 3142 long.
703 3066 732 3126 in
755 3065 875 3128 archivo
897 3065 1074 3142 regnicolari
1095 3066 1274 3144 Zagrabiae:
1303 3067 1379 3130 data

188 3158 283 3234 antiq.
299 3154 366 3216 doc.
381 3155 464 3218 VIII.
480 3153 591 3214 Farlati
608 3153 702 3231 (illyr.
718 3169 794 3214 sacr.
810 3153 865 3230 111,
884 3153 957 3230 155)
973 3169 1011 3212 ex
1026 3153 1145 3213 archivo
1161 3154 1293 3214 coenobii
1308 3171 1376 3232 spa·

186 3241 312 3304 latentis
326 3258 350 3303 s.
367 3241 529 3302 Benedicti.
544 3241 716 3301 Membrana
730 3257 811 3316 sagr.
824 3241 853 3299 in
865 3239 940 3300 duas
951 3245 1051 3316 partes
1062 3241 1169 3318 scissa3
1185 3239 1378 3322 frustumque,

188 3329 266 3390 duas
280 3328 359 3389 terre
374 3328 524 3388 continens
539 3327 632 3387 lineae
654 3329 825 3403 partemque
850 3327 970 3405 tertiae,
991 3325 1186 3402 deperditum.
1213 3329 1323 3387 Farlati
1339 3326 1377 3388 de

186 3433 242 3477 suo
265 3431 384 3491 quoque
407 3415 568 3492 exemplari
594 3414 710 3497 „multis
732 3412 805 3474 locis
827 3407 948 3474 vitiato“
974 3413 1197 3484 lamentabatur,
1215 3429 1232 3473 e
1247 3431 1305 3489 quo
1321 3430 1375 3473 nos

187 3501 376 3564 nihilominus
402 3503 522 3562 lacunas
547 3501 734 3561 membranae
759 3517 842 3576 sagr.
868 3499 1092 3578 complerimus,
1116 3499 1257 3574 uncisque
1280 3499 1377 3576 signa·

188 3591 294 3651 dnus

234 3674 306 3738 (lod.
323 3675 394 3753 dipl.
411 3673 493 3737 OSD.
509 3673 533 3752 1,
552 3673 621 3736 154.
790 3709 796 3724 ·

234 3763 317 3823 Intra
330 3779 437 3823 annum
456 3761 667 3822 tute—1078
683 3759 812 3836 diploma
827 3757 917 3819 hoece
932 3757 1041 3819 editum
1056 3755 1164 3836 luisse,
1191 3753 1344 3820 deducitur
1359 3775 1376 3818 e

186 3851 307 3912 mum
322 3849 496 3928 nominibus,
511 3848 536 3908 ai
552 3865 617 3908 cum
632 3848 697 3908 aliis
712 3843 843 3909 eiusdem
860 3846 938 3922 regis
953 3845 1057 3906 litteris
1072 3844 1271 3906 conferantur.

181 3989 191 4024 ⁸
209 3953 286 4056 xpi..
339 3983 438 4040 'Ordo
456 3983 597 4040 verborum
620 3979 656 4037 ad
680 3997 788 4038 sensum
813 3987 886 4036 esset
909 3979 986 4036 talis:
1012 3987 1056 4048 ,et
1074 3978 1138 4048 quia
1155 3977 1231 4034 loona
1249 3977 1378 4034 territorii

18 4079 20 4136 i
144 4072 173 4129 in
185 4073 300 4141 mani,
313 4071 384 4141 quod
396 4069 507 4126 Portica
516 4068 678 4137 nominatur,
691 4068 777 4124 eidam
789 4068 951 4124 monasterio
964 4067 1106 4135 contiguus
1119 4065 1273 4134 uidebatur,
1285 4071 1378 4120 nostra

144 4159 232 4229 repuli
248 4165 383 4229 pucatate
402 4163 535 4227 perpetuo
553 4155 612 4210 iure
630 4154 819 4226 possidendum
837 4154 889 4209 sibi
908 4151 1103 4210 inuiolabiliter
1120 4151 1325 4208 concessimus&
