3604 5276
329 397 393 459 348

327 597 477 683 πατρίκιον
507 593 627 666 Νικήτα
660 585 844 682 δρουγγάριον
878 604 932 658 τοῦ
963 595 1045 661 oium
1069 596 1184 674 mittit,
1219 596 1427 678 drungarium
1449 596 1495 660 rai
1519 615 1573 660 na-

328 701 481 786 τλωίμου,
513 694 547 761 οὗ
576 699 613 761 τό
636 700 757 769 ἐπίκλην
780 696 935 785 Ὠορύφσις,
966 699 1067 777 volis,
1107 697 1269 780 Orypham
1307 699 1573 781 cognominatum,

325 803 404 890 μετὰ
425 793 586 888 χελανδίων
609 801 725 866 ἑκατόν.
746 805 772 864 οἱ
787 793 820 864 δὲ
834 799 931 888 Σαρα-
962 821 1033 868 cum
1056 801 1229 869 chelandiis
1253 806 1393 868 centnm.
1416 800 1459 867 At
1480 799 1574 867 Sara·

325 908 406 976 κηνσὶ
422 906 572 991 μαθόντες
587 905 643 974 τὴν
659 905 738 992 ρστσὶ
753 915 808 968 τοῦ
823 905 933 969 στόλου
963 906 1031 972 oeni
1042 955 1051 988 ‚
1091 907 1145 972 ubi
1182 905 1355 971 affuturum
1391 924 1464 970 mox
1498 923 1570 970 oum

327 1008 417 1096 ἄφιξιν
439 1017 494 1071 ποῢ
511 1009 664 1095 πατρικίου
679 999 866 1096 δρουγγαρίοο
881 1018 935 1071 τοῦ
966 1010 1067 1076 classe
1082 1010 1259 1092 patricium,
1279 1009 1327 1074 rei
1340 1009 1461 1074 navalis
1477 1008 1573 1073 drun-

328 1114 464 1199 πλωϊριου
476 1117 581 1198 ἔφυγον
597 1111 814 1184 καταλιπόντες
828 1112 865 1174 τὰ
880 1110 935 1176 κά·
966 1113 1097 1196 galium,
1121 1112 1327 1192 resciverunt,
1351 1112 1392 1177 ab
1409 1111 1575 1178 obsidione

327 1238 413 1302 στρον
426 1212 587 1289 Ῥασυσίον,
611 1217 661 1276 καὶ
682 1213 884 1300 ἀντεπέρασαν
907 1215 936 1276 ὲν
966 1216 1150 1296 Ragusinae
1174 1215 1261 1280 urbis
1285 1215 1509 1292 discesserunt,
1544 1219 1578 1280 et

331 1308 548 1404 Αογουβαρδίᾳ,
572 1319 622 1379 καὶ
641 1317 886 1404 πολιορκήσαντες
900 1317 937 1379 τὸ
967 1317 998 1382 in
1023 1317 1278 1398 Longobardiam
1304 1317 1501 1382 traiicientes
1522 1336 1561 1381 ur

329 1427 455 1506 κάστρον
490 1417 605 1506 Βάρειις
635 1429 727 1482 τοῦτο
757 1419 936 1506 ἐπόρθησαν.
967 1421 1041 1486 bem
1064 1419 1193 1486 Barium
1217 1419 1383 1486 obsidione
1409 1419 1575 1484 cinxerunt

329 1523 403 1586 τότε
425 1525 441 1584 ὁ
462 1511 612 1596 Σολδανός
641 1523 743 1595 κτίσας
765 1523 857 1586 ἐκεῖσε
878 1545 936 1584 τα-
967 1531 1260 1605 expugnaruntque.
1296 1521 1385 1587 Tuno
1417 1519 1576 1588 soldanus

328 1625 420 1689 λάτια
452 1623 657 1712 κατεκράτησε
690 1633 788 1688 πᾶσαν
821 1623 939 1712 nopo-
970 1628 1122 1692 extructis
1154 1627 1199 1692 ibi
1232 1625 1359 1706 palatiis
1389 1625 1574 1706 Longobar-

329 1719 448 1817 βαρδίαν
470 1727 553 1816 ρέγρι
575 1725 691 1814 Ῥώμης
714 1733 768 1800 ἐτη
791 1727 934 1816 τεσσαρά-
967 1731 1050 1796 diam
1067 1747 1191 1796 omnem
1206 1729 1339 1794 Romam
1355 1746 1456 1808 usque
1470 1745 1571 1794 annos

328 1854 430 1895 κοντα.
966 1831 1176 1916 qnadraginta
1198 1833 1309 1900 tenuit.

373 1932 412 1998 'O
431 1925 479 1998 οὖν
511 1935 643 2016 βασιλεὺς
674 1925 722 1998 διὰ
751 1935 807 2006 τλν
838 1935 933 1998 αἰτίαν
1006 1937 1077 2002 Ηοο
1093 1937 1202 2017 itaque
1226 1937 1266 2002 de
1289 1953 1386 2001 ooueo
1403 1935 1576 2016 imperator

329 2039 445 2108 ταύτην
467 2038 624 2108 ἀπέστειλε
646 2038 715 2125 πρός
737 2061 772 2102 τε
794 2039 846 2102 τὸν
869 2038 935 2103 Λο-
966 2041 1008 2106 ad
1030 2040 1226 2107 Ludovicum
1241 2039 1394 2106 Franciae
1415 2058 1521 2120 regem
1536 2043 1571 2104 et

330 2133 429 2229 δόϊχσν
456 2141 509 2204 τὸν
539 2143 614 2230 ρ’ῆγα
637 2141 791 2229 Φραγγίας
812 2145 862 2205 καὶ
884 2144 937 2206 τὸν
968 2145 1009 2209 od
1033 2161 1146 2226 papam
1165 2162 1329 2210 romonum
1344 2144 1467 2228 legatos
1488 2143 1576 2208 misit

330 2244 420 2308 πάπα
434 2242 559 2331 Ῥώμης,
579 2249 625 2307 ἵνα
640 2245 877 2331 συνεπαρύνοται
892 2255 937 2328 τῷ
968 2247 1111 2328 petitum,
1144 2252 1181 2312 nt
1202 2247 1354 2312 exercitui
1376 2266 1396 2311 a
1418 2265 1454 2311 se
1477 2247 1573 2311 misso

330 2347 410 2433 παρὰ
452 2357 506 2411 τοῦ
549 2346 690 2428 βασιλέως
737 2345 938 2412 ἀποσταλέντι
967 2351 1118 2417 auxilium
1141 2347 1261 2434 ferant3
1285 2349 1340 2429 qui
1363 2353 1497 2431 uterque
1520 2367 1574 2429 pc·

331 2459 459 2537 στρατῷ.
494 2454 521 2512 οἱ
554 2441 586 2514 δὲ
619 2450 785 2534 ὑτείξαντες
814 2461 855 2534 τῇ
883 2462 938 2515 τοῦ
967 2451 1072 2518 titioni
1094 2453 1164 2517 eius
1188 2453 1400 2533 obsequentes
1424 2471 1495 2516 oum
1510 2469 1575 2517 ma·

331 2551 472 2635 βασιλέως
501 2553 632 2629 αἰτήσει,
664 2553 681 2616 ὅ
710 2577 747 2617 τε
774 2554 825 2642 pit
850 2557 938 2618 καὶὸ
968 2575 1032 2639 gna
1050 2575 1145 2621 manu
1159 2556 1293 2638 iungunt
1309 2575 1345 2622 se
1360 2556 1458 2637 copiis
1472 2555 1573 2637 ipsius

329 2657 442 2742 πάντας,
465 2649 561 2726 ἦλθον
571 2657 729 2744 ἀμφότεροι
748 2657 826 2744 pet&
849 2649 936 2721 δυνά·
967 2678 1030 2724 nna
1053 2677 1123 2724 cnm
1146 2659 1331 2738 ChrobatiS‚
1356 2655 1491 2738 SerbliS,
1515 2657 1576 2723 Za·

330 2781 407 2846 ρσως
422 2763 545 2832 πολλῆς,
562 2762 611 2822 καὶ
624 2759 783 2833 ἑνωθέντες
797 2771 843 2842 τῷ
858 2761 938 2848 παρὰ
968 2763 1111 2840 chlumiS‚
1135 2761 1348 2840 Terbuniotis‚
1373 2762 1527 2828 Canalitis
1542 2768 1577 2828 et

331 2871 386 2924 τοῦ
416 2861 557 2944 βασιλέως
586 2862 787 2926 ἀποσταλέντι
806 2875 935 2951 στρατῷ,
965 2867 1136 2947 Ragusinis
1173 2866 1357 2947 cunctisque
1391 2865 1571 2932 Dalmatiae

330 2964 394 3051 ἀρα
416 2975 461 3027 τῶ
487 2963 657 3052 Χρωβάτῳ,
681 2975 726 3049 τῷ
748 2965 867 3054 Σέρβλῳ
888 2971 939 3031 καὶ
969 2969 1158 3052 oppidorum
1180 2967 1290 3035 ineolis
1314 2969 1400 3050 (nem
1415 2969 1448 3033 hi
1464 2987 1576 3035 omnes

331 3065 502 3154 Ζαχλούμῳ
539 3071 588 3131 καὶ
625 3067 852 3156 Τερβοονιώταις
888 3075 939 3134 καὶ
969 3093 1007 3138 ex
1029 3072 1230 3154 imperatoris
1246 3071 1397 3136 mandato
1412 3072 1575 3154 ode1·ont);

331 3169 528 3244 Καναλείταις
567 3174 617 3234 καὶ
653 3169 819 3247 Ῥαουσίοις,
857 3175 936 3261 μετὰ
967 3176 1020 3257 qui
1044 3176 1076 3240 in
1098 3174 1355 3256 Langobardiarn
1380 3174 1574 3240 troiioientee

331 3272 452 3336 πάντων
485 3285 546 3338 τῶν
578 3275 640 3338 ἀπὸ
677 3285 731 3349 τῆς
768 3276 938 3363 Δαλματίας
968 3281 1079 3344 urbem
1090 3279 1188 3343 Barin
1204 3278 1400 3344 obsederunt
1416 3295 1575 3360 expugno-

331 3377 465 3464 κάστρων
488 3370 578 3468 (οὗτοι
599 3377 656 3464 γὰρ
675 3377 785 3452 πάντες
807 3383 942 3464 βασιλικῇ
971 3393 1118 3463 runtqna.

330 3480 460 3544 κελεύσει
488 3477 640 3574 παρῆσαν),
672 3485 721 3546 καὶ
749 3481 939 3569 περασάντων
1013 3485 1182 3552 Sciendum
1194 3491 1301 3550 antem
1314 3485 1458 3566 estquod
1476 3483 1560 3550 Chre

331 3586 360 3647 ἐν
373 3575 582 3670 Λογουβοιρδίᾳ
593 3588 747 3656 ἑκάθησαν
761 3587 798 3648 το“
814 3585 939 3674 κάστρον
968 3589 1061 3655 batos
1076 3591 1280 3670 reliquosque
1294 3587 1478 3654 Sclavornm
1489 3581 1588 3670 prin-¹

333 3684 448 3774 Βάρεως
469 3691 520 3750 καὶ
542 3687 710 3776 ἐπόρθησαν
738 3691 821 3754 αι’ντό.
969 3693 1055 3775 cipes
1078 3691 1231 3774 Ragnsini
1253 3692 1339 3757 cives
1354 3692 1420 3757 suis
1443 3691 1577 3758 navibus

376 3787 481 3852 Ἰστέον
511 3790 558 3853 ὅτι
587 3793 656 3865 τοὺς
679 3791 859 3878 Χρωβάτους
887 3798 938 3856 καὶ
967 3797 999 3860 in
1034 3795 1294 3879 Longobardiam
1327 3795 1575 3862 transmiserint.

331 3892 400 3964 τοὺς
420 3893 538 3966 λοιποὺς
560 3891 809 3981 Σκλαβαρχὸντας
836 3900 862 3958 οἱ
884 3907 938 3960 τοῦ
968 3899 1013 3963 nt
1042 3899 1153 3964 urbem
1183 3897 1310 3978 quidem
1332 3895 1439 3964 Barim
1461 3903 1577 3965 totom-

331 3994 459 4084 κάστρου
493 3995 645 4060 Ῥαοοσίοο
676 3999 822 4085 οἰκήτορες
858 4000 937 4086 μετὰ
968 4021 1030 4082 que
1059 4003 1221 4085 regionem
1253 4019 1290 4068 eo
1320 4001 1473 4084 praedam
1506 4003 1577 4068 uni·

331 4107 392 4160 τῶν
414 4089 492 4162 ἰδίων
515 4103 613 4162 αὐτῶν
640 4101 785 4187 καραβίων
808 4093 939 4190 διεπέρα·
969 4123 1095 4170 versam
1119 4103 1178 4170 sibi
1198 4103 1310 4170 habuit
1324 4105 1497 4186 imperator
1512 4103 1578 4170 Ra·

331 4223 385 4264 σαν
419 4202 448 4264 ἐν
482 4195 700 4290 Λογοοβαρδία.
736 4207 786 4266 καὶ
819 4207 855 4267 τὸ
886 4205 937 4292 μὲν
968 4227 1148 4287 manorum,
1189 4205 1363 4272 Soldanum
1393 4225 1468 4272 vero
1506 4225 1577 4273 oum

331 4302 457 4390 κάστρον
482 4303 595 4391 Βάρεως
618 4309 667 4368 καὶ
693 4306 748 4377 τήν
771 4308 868 4394 χώραν
891 4312 941 4371 καὶ
971 4309 1086 4376 ceteris
1130 4309 1295 4376 Saracenis
1332 4329 1387 4376 rex
1424 4309 1579 4378 Franciae

331 4409 387 4477 τὴν
416 4409 621 4494 αἰχμαλωσίαν
648 4419 746 4472 τασαν
775 4411 938 4492 ἀνελάβετσ
968 4413 1163 4490 LudoviouS,
1195 4421 1228 4478 et
1250 4411 1391 4495 Oopuom
1413 4431 1451 4478 oo
1473 4413 1577 4480 Bene·

331 4515 347 4573 ὀ
371 4513 503 4592 βασιλεὺς
526 4509 687 4598 Ῥωμαίων·
718 4514 773 4576 τὸν
801 4507 834 4576 δὲ
862 4511 936 4577 Σολ-
968 4522 1094 4581 ventum
1118 4517 1206 4598 ipsos
1229 4517 1370 4582 abduxit.
1393 4517 1438 4582 nt
1461 4516 1575 4584 Solda·

333 4605 419 4678 δανὸν
442 4617 491 4678 καὶ
514 4615 583 4688 τοὺς
612 4615 731 4690 λοιποὺς
752 4614 938 4704 Σαρακηνοὺς
969 4638 1043 4685 num
1076 4620 1204 4701 quidem
1237 4639 1330 4688 namn
1364 4639 1503 4702 unquam
1534 4623 1576 4686 ni-
