3604 5276
330 385 403 452 tet·

370 591 422 652 lv.
438 607 468 666 p.
488 593 557 651 167.
581 591 693 650 Auctor
708 607 870 666 anonymus
883 589 1005 650 secundi
1020 589 1227 649 miraculorum
1245 589 1311 649 libri
1335 589 1408 650 vixit
1425 589 1465 650 ad
1480 589 1569 650 linem
1685 601 1689 612 ·

371 695 449 737 saec.
466 677 594 756 v111(v.
613 676 683 737 ibid.
699 695 729 753 p.
748 675 814 759 53).

416 763 536 823 Obsidio
559 764 641 823 urhis
663 763 910 840 Thessalonicae,
934 763 980 822 cni
1004 763 1085 822 initio
1108 762 1265 839 fragmenti
1289 763 1448 840 alluditur,
1473 763 1572 822 evenit

372 868 448 912 anno
467 852 528 910 675
556 848 598 930 (v.
616 849 739 909 Muralt:
764 845 850 909 Essai
866 849 903 908 de
920 847 1162 925 chronographie
1177 849 1286 922 byuan.
1304 849 1329 928 Ι,
1346 850 1418 910 308.
1446 847 1569 908 Glasnils

372 937 480 1010 xvlll,
500 934 588 1015 330),
611 936 723 1012 fuitque
739 936 826 994 tertia
841 953 860 993 a
875 935 1009 994 Slavenis
1025 941 1171 1011 suscepta.
1197 933 1340 1012 Princeps
1365 940 1446 1010 ,τῶν
1465 929 1570 994 Σκλα-

373 1021 473 1102 βίνων“
494 1025 511 1083 i.
529 1041 554 1082 e.
576 1027 653 1100 ,τῶν
669 1015 879 1106 Δρογουβιτῶν,
895 1008 1107 1104 hanoniensi,
1126 1013 1344 1104 Βελεγεζητῶν,
1368 1013 1569 1092 Βαιουνητῶν,

376 1105 545 1192 Βερζητῶν“
572 1107 623 1188 (de
646 1110 752 1184 quibus
775 1127 802 1168 v.
820 1093 955 1170 Saiaiilr:
979 1109 1052 1167 slov.
1069 1113 1175 1168 staron.
1193 1109 1353 1169 621-26,
1381 1109 1488 1168 Zeuss:
1513 1109 1569 1168 Die

374 1195 543 1256 Deutsohen
558 1195 618 1254 und
632 1195 681 1254 dic
696 1195 971 1255 Nachharst'emme.
988 1195 1018 1255 S.
1036 1192 1177 1274 630-3)
1194 1199 1292 1254 sotum
1306 1189 1474 1274 „xlvidie
1490 1200 1564 1256 erat.

314 1343 318 1350 ,
375 1281 433 1342 Sed
457 1299 521 1340 cum
544 1281 574 1340 hi
598 1281 790 1341 Slavenorum
814 1281 916 1357 populi
937 1281 977 1340 nil
1001 1281 1182 1359 effecissent,
1206 1281 1325 1356 duxque
1340 1282 1405 1358 ipso
1420 1285 1570 1357 eaptueet

303 1415 306 1422 ,
374 1367 543 1427 interfectus
559 1367 670 1448 fuisset,
687 1369 827 1427 auxilium
842 1368 881 1426 ab
896 1367 1061 1428 Avarorum
1078 1367 1221 1446 chagano,
1249 1369 1291 1427 uti
1306 1367 1501 1444 fragmentum
1518 1385 1568 1427 no-

374 1459 465 1512 strum
482 1453 580 1532 refert,
597 1457 708 1530 petunt.
725 1455 856 1530 Irruptio
871 1454 946 1514 haec
962 1459 1029 1529 post
1044 1454 1118 1513 duos
1134 1472 1236 1530 annos,
1261 1454 1396 1530 adeoque
1411 1471 1489 1513 anuo
1507 1457 1568 1514 677

374 1540 496 1614 (liuralt
510 1541 566 1601 loc.
583 1541 630 1600 cit.
648 1559 676 1616 p.
694 1538 771 1620 309)
789 1540 895 1603 evenit.
920 1538 1023 1616 Cives,
1047 1542 1085 1601 ab
1108 1541 1328 1616 archipraesule
1347 1542 1462 1602 Josuns
1477 1541 1508 1600 11
1530 1541 1569 1599 ad

375 1627 572 1686 fortitudinem
588 1627 716 1703 animati,
733 1629 889 1706 resistunt3
907 1645 1031 1702 cumque
1046 1627 1153 1688 bellica
1168 1628 1256 1700 etiam
1267 1628 1460 1686 instrumenta
1471 1628 1569 1686 omnia

373 1713 600 1773 inutilia‘essont
615 1715 734 1795 effecta,
759 1715 877 1773 barbari
892 1713 931 1774 ad
948 1731 1050 1789 pacem
1065 1714 1220 1790 inclinant,
1245 1714 1467 1790 nonnullisque,
1491 1731 1568 1788 quae

373 1801 411 1858 ad
427 1799 503 1858 hanc
518 1800 724 1872 conducerent,
748 1801 911 1875 impetratis
926 1801 1076 1860 recedunt.
1100 1800 1235 1874 Slaveni,
1261 1800 1309 1874 qui
1326 1817 1392 1862 cum
1407 1799 1515 1859 Avaris
1540 1803 1570 1858 et

373 1886 510 1960 liutgario
526 1887 766 1946 Thessalonicam
782 1886 969 1964 obsederunt,
987 1887 1203 1962 pannonienses
1214 1887 1329 1946 nonnisi
1343 1904 1408 1946 esse
1420 1890 1568 1962 poterant.

368 1988 375 2019 ¹
394 1985 489 2040 Misso.
508 2002 528 2041 s.
547 1985 679 2040 Demetrii
698 1985 744 2039 lib.
764 1985 791 2039 Il
808 2002 831 2040 c.
850 1986 864 2040 Ι
888 2003 927 2039 nr.
950 1988 1093 2042 168-167.
1113 2003 1140 2055 p.
1161 1989 1261 2042 162-5
1361 1984 1571 2040 ’Nominautur

329 2072 356 2126 iu
376 2072 467 2178 nicole
485 2073 537 2141 (nr.
553 2077 606 2146 ¹l‘ll
626 2089 652 2141 p.
674 2073 734 2141 168)
756 2087 806 2140 „cx
824 2072 924 2128 Naisso
943 2072 1017 2142 (Nil)
1037 2079 1064 2126 et
1083 2071 1219 2128 Samias

885 2299 1016 2372 168.

328 2403 351 2465 l.
366 2403 412 2466 ili.

329 2507 509 2568 Aoororum
524 2503 681 2588 sinoponus
697 2505 811 2592 aliique
826 2509 1059 2572 occidentalium
1074 2507 1235 2572 nationum
1252 2509 1346 2592 puter
1356 2527 1435 2593 pirae
1450 2505 1569 2572 Oli-roc·

332 2617 434 2674 torum
457 2629 551 2694 oeque
573 2629 609 2673 ac
632 2609 825 2694 Scrdlororu)
845 2615 1003 2703 princpes
1019 2633 1131 2697 pacem
1153 2632 1220 2677 curn
1243 2609 1456 2676 Rornanorum
1479 2612 1570 2694 irnpe-

624 2721 729 2778 rutore
755 2713 955 2780 Constantino
975 2723 1130 2800 poponuto
1153 2718 1268 2780 incunt,

374 2831 483 2896 Ταῦτα
502 2835 664 2908 ἀκηκοότες
683 2836 732 2897 καὶ
755 2838 782 2898 ol
804 2836 872 2923 πρὸς
893 2836 935 2898 τὰ
1009 2837 1097 2916 Quae
1121 2838 1174 2902 ilbi
1198 2837 1238 2902 ad
1262 2836 1474 2904 occidentales
1497 2837 1569 2902 bal·-

329 2935 446 3024 ὲσπέρια
469 2944 612 3012 οἰκοῦντες
634 2938 715 3025 μέρη,
745 2939 898 3004 τουτέστιν
921 2944 938 3002 ό
967 2941 1062 3007 horos
1088 2940 1212 3022 perlata
1233 2940 1333 3024 sunt,1
1356 2940 1493 3007 Avarum
1512 2943 1572 3006 sci-

330 3052 391 3105 τῶν
415 3040 544 3129 ’Λβάρων
563 3042 681 3129 ἡγεμὼν
696 3045 746 3106 καὶ
761 3047 787 3106 οἱ
801 3043 935 3108 ἐπέκεινα
966 3046 1040 3111 licet
1069 3046 1180 3111 ducem
1219 3045 1362 3128 aliosque
1400 3045 1571 3128 principes,

332 3144 470 3234 ἄρχοντες
493 3155 553 3208 τῶν
576 3145 644 3232 πρὸς
667 3137 744 3209 δύσιν
759 3147 937 3234 παρακειμέ-
967 3149 1021 3230 qui
1044 3147 1129 3215 ultra
1152 3166 1207 3214 eos
1231 3148 1271 3213 sd
1295 3149 1490 3214 occidentem
1515 3147 1572 3214 ha·

330 3273 385 3312 νων
408 3251 521 3324 ἐθνῶν,
553 3241 601 3313 διὰ
624 3248 769 3336 πρέσβεων
792 3241 870 3337 δῶρα
893 3260 938 3332 τῷ
968 3252 1087 3332 bitant,
1120 3271 1252 3317 munere
1283 3271 1354 3316 cum
1387 3253 1501 3334 legatis
1532 3255 1574 3318 sd

331 3357 444 3436 βασιλεῖ
463 3353 631 3426 στείλαντες
653 3354 763 3439 εἰρήνην
778 3355 936 3437 ἐζήτησαν
968 3356 1191 3437 imperatorem
1230 3355 1360 3421 mittunt
1393 3375 1430 3420 ac
1463 3375 1573 3438 pacem

330 3458 373 3544 ἐφ’
395 3453 434 3530 οἷς
456 3458 582 3540 εἴξαντος
604 3467 658 3520 τοῦ
682 3456 822 3540 βασιλὲως
845 3459 937 3546 εἰρήνη
969 3459 1139 3541 postulant.
1173 3459 1293 3537 Quibus
1322 3461 1495 3541 imperator
1523 3475 1574 3526 88-

330 3561 366 3624 eo*
397 3561 497 3624 λοιπὸν
527 3563 577 3624 καὶ
606 3562 721 3648 γαλήνη
752 3567 781 3624 ἐν
810 3583 846 3626 τε
876 3573 936 3635 τοῖς
965 3581 1078 3629 seusus
1102 3567 1165 3647 est,
1196 3563 1242 3628 ita
1273 3563 1422 3646 deinceps
1451 3569 1517 3629 tam
1540 3565 1573 3629 iu

330 3663 410 3744 ἑῴοις
425 3670 454 3726 ἐν
469 3675 579 3737 esron
594 3665 729 3752 ἑσπερίοις
752 3664 934 3752 ἑβραβεύετο.
967 3666 1090 3732 oriente
1113 3685 1207 3748 quam
1231 3667 1394 3732 occidente
1417 3667 1573 3734 altissima

331 3770 381 3830 καὶ
402 3777 502 3832 ταῦτα
524 3767 576 3855 μὲν
599 3767 692 3842 οὕτως
715 3766 786 3856 εἶχε.
967 3788 1029 3850 pax
1052 3788 1090 3834 ac
1113 3769 1328 3851 tranquillitos
1350 3769 1421 3844 ¹luit.

417 3875 602 3951 Nicephorius
628 3879 841 3952 constantinop.
866 3877 904 3936 de
927 3877 1016 3935 rebus
1032 3883 1099 3952 post
1114 3877 1285 3935 Mauricium
1303 3876 1395 3950 gestis
1411 3894 1439 3952 p.
1458 3879 1509 3936 37.
1527 3878 1576 3936 ed-

372 3963 466 4022 Bonn.
1139 4021 1145 4036 ,

417 4049 522 4121 Quoad
537 4053 654 4124 tempus
671 4048 739 4108 vide
755 4049 880 4108 hluralt:
904 4047 989 4109 Esssi
1006 4049 1043 4108 de
1059 4047 1302 4124 Chronographie
1320 4047 1439 4123 bysant.
1456 4050 1479 4126 1,
1498 4051 1573 4110 311.

416 4135 619 4211 Nicephorus‚
652 4135 768 4194 Tarasii
793 4135 821 4193 in
845 4135 915 4194 sede
938 4135 1130 4211 patriarchali
1153 4151 1306 4195 successor
1329 4135 1532 4212 (eoo-815,
1558 4141 1577 4206 †

285 4287 287 4290 ,
374 4220 461 4302 838),
485 4237 533 4281 res
556 4226 657 4297 gestas
681 4239 699 4280 a
723 4221 840 4281 Phocus
864 4213 1050 4297 imperitoris
1073 4230 1205 4297 tempore
1229 4238 1322 4296 usque
1346 4221 1384 4279 ad
1407 4221 1516 4288 Leonis
1533 4221 1578 4282 IV

373 4325 439 4368 oum
462 4309 548 4368 Irene
571 4309 709 4386 nuptias,
734 4307 868 4383 adeoque
883 4309 923 4368 ah
938 4327 966 4368 a.
984 4310 1045 4367 602
1070 4307 1218 4382 usquead
1234 4325 1262 4368 a.
1281 4308 1353 4380 769,
1377 4307 1535 4368 adnotavit
1549 4309 1579 4368 iu

373 4411 474 4470 opere,
492 4394 572 4468 qnod
584 4395 767 4455 inscribitur:
788 4387 926 4472 ,Ἰστορία
938 4389 1079 4476 σύντομος
1091 4390 1151 4452 ἀπὸ
1163 4399 1217 4462 τῆς
1226 4386 1388 4476 Maenalon
1400 4389 1578 4473 prensat

375 4481 462 4540 Aliud
483 4481 614 4541 eiusdem
637 4481 764 4541 auctoris
788 4497 861 4556 opus
885 4480 1055 4541 historicum
1082 4475 1303 4563 ,Χρονογραφία
1327 4474 1501 4564 σύντομος“,
1530 4497 1580 4541 res

373 4573 474 4644 gestas
491 4569 528 4627 ab
545 4567 657 4642 origine
673 4565 772 4626 mundi
788 4584 882 4643 usque
898 4567 936 4626 ad
953 4586 979 4626 a.
995 4569 1057 4627 828
1071 4568 1166 4626 ieiune
1179 4567 1334 4648 adnotans,
1351 4567 1440 4646 longe
1452 4567 1576 4628 minoris

376 4660 421 4715 set
436 4655 582 4714 momenti.
