3572 5276
396 375 459 439 428

396 579 599 646 facultatibus
622 578 746 660 priuati,
770 579 846 644 nudi
874 581 1038 662 sepissime
1061 588 1238 648 euaserant.
1262 581 1341 649 Erat
1356 583 1512 664 siquidem
1527 583 1637 650 eadem

396 683 501 750 insula
531 685 708 766 scopulosis
737 686 981 766 promunctoriis
1013 687 1231 768 circumsepto.
1260 687 1350 754 Licet
1372 689 1492 755 aditum
1515 689 1636 754 intran-

396 789 482 853 tibus
504 807 568 853 non
591 789 782 871 denegaret,
813 788 968 854 montium
998 795 1105 856 tamen
1135 791 1329 858 sublimitate
1357 793 1637 872 ostentabatur;e

396 889 512 970 quibus
529 911 619 973 unus,
643 911 805 958 murorum
819 893 962 958 menibus
985 895 1182 975 turriumque
1202 892 1354 962 hedificiis
1376 895 1526 981 munitus,
1551 896 1636 961 inex·

396 996 578 1078 pugnabilis
609 997 649 1064 ab
679 998 823 1062 omnibus
852 997 1051 1063 credebatur.
1083 998 1164 1065 Dein
1193 1016 1268 1066 uero
1298 1000 1460 1080 predictus
1489 1001 1636 1081 princeps

395 1099 599 1166 multitudine
621 1100 750 1166 navium
773 1100 923 1180 collecta,
953 1102 1112 1184 quendam
1135 1102 1220 1168 illius
1248 1103 1370 1170 insulae
1392 1109 1518 1185 portum
1541 1121 1636 1184 pene

395 1204 508 1283 travit,
542 1204 703 1298 mandans
721 1205 860 1285 ciuibus,
889 1211 928 1271 ut
949 1207 1064 1272 relicta
1090 1207 1264 1289 pertinacia
1293 1207 1336 1274 ad
1358 1227 1393 1276 se
1415 1209 1560 1274 venirent
1582 1213 1637 1273 aut

396 1326 503 1389 pugna
526 1327 597 1375 seso
619 1313 774 1390 petituros
805 1311 933 1377 scirent.
972 1308 1033 1388 Qui
1055 1312 1169 1377 timore
1191 1311 1364 1396 constricti,
1386 1310 1518 1392 pacifica
1539 1311 1637 1378 verba

396 1411 608 1494 protulerunt.
631 1413 837 1480 Postmodum
861 1415 926 1480 illis
947 1415 1121 1481 iniunctum
1145 1413 1207 1480 luit
1227 1415 1315 1482 nulla
1338 1419 1460 1483 ratione
1482 1433 1595 1497 pacem
1617 1434 1637 1481 a

397 1516 476 1583 duee
500 1516 652 1600 consequi
679 1536 790 1598 posse,
822 1517 882 1584 nisi
914 1518 1073 1584 civitatem
1102 1518 1164 1602 ipsi
1192 1519 1411 1594 destruerent,
1442 1519 1636 1586 destructam

397 1639 472 1686 vero
495 1621 738 1702 inreparabilem
761 1620 1064 1704 inhabitabilemque
1087 1622 1314 1706 relinquerent.
1339 1622 1430 1701 Quod
1454 1626 1538 1690 omni
1566 1623 1635 1690 nisu

395 1723 502 1790 facere
519 1725 755 1804 interdicentes,
771 1727 852 1790 tanti
868 1726 1021 1792 exercitui
1037 1745 1107 1792 sese
1131 1728 1288 1794 obsistere
1310 1727 1417 1794 adorsi
1439 1735 1524 1794 sunt.
1548 1727 1636 1794 Tunc

396 1829 499 1893 isdem
531 1829 677 1911 princeps
711 1847 786 1895 suos
821 1830 862 1894 ad
892 1833 1055 1897 certarnen
1089 1849 1261 1913 preparare
1291 1831 1429 1913 illosque
1461 1833 1636 1916 inpugnare

396 1933 511 1998 acriter
540 1931 634 1998 iussit
674 1932 793 2000 Verum
817 1933 892 2014 quia
914 1933 1032 2000 arduus
1054 1934 1143 2000 locus
1166 1934 1324 2001 difficilem
1345 1936 1443 2001 dabat
1465 1938 1634 2018 appropin-
1712 1965 1715 1972 ·

397 2037 570 2116 ouantibus
598 2037 792 2118 ingressum,
823 2038 997 2103 iaculorum
1027 2037 1142 2104 ictibus
1173 2039 1281 2105 hostes
1312 2039 1495 2120 aliquandiu
1524 2038 1634 2120 procul

396 2140 596 2220 virtuteque
617 2145 768 2222 poterant
791 2159 938 2206 coarcere
966 2143 1163 2224 satagebant.
1194 2141 1314 2210 Tamen
1337 2144 1389 2208 dei
1411 2143 1635 2226 omnipotentis

398 2243 638 2325 dispensacione
666 2244 767 2308 maior
802 2262 877 2327 pars
900 2246 1057 2311 exercitus
1081 2265 1119 2310 ex
1141 2246 1195 2312 illo
1219 2247 1297 2325 loco,
1320 2248 1406 2312 unde
1426 2247 1511 2314 illius
1533 2249 1635 2313 muni-

396 2347 495 2412 cionis
518 2347 601 2414 ostia
622 2350 784 2430 patebant,
809 2349 960 2430 impetum
984 2348 1153 2428 iacientes,
1177 2349 1303 2432 reliqua
1324 2351 1441 2416 montis
1464 2369 1522 2433 per
1545 2351 1636 2420 devia

395 2451 630 2530 consendendo,
654 2460 769 2533 turres,
793 2453 848 2518 ubi
874 2472 1027 2536 aquarum
1057 2455 1188 2520 vascula
1209 2455 1398 2533 tuebantur,
1430 2455 1635 2537 comprehen-

397 2555 521 2620 derunt.
545 2556 583 2621 In
607 2556 721 2638 quibus
745 2557 963 2636 consistentes,
988 2559 1021 2622 in
1042 2563 1165 2624 tantum
1186 2559 1355 2627 luctamine
1378 2560 1634 2642 comprimebant,

396 2659 498 2724 donec
520 2659 633 2726 deiecti
657 2661 778 2739 animo,
811 2663 906 2726 armis
930 2661 1100 2743 depositis,
1131 2661 1227 2728 nichil
1249 2663 1385 2746 amplius
1408 2681 1503 2745 quam
1524 2665 1635 2731 mortis

397 2781 528 2829 exosum
550 2764 724 2845 periculum
748 2766 884 2830 evadere
905 2762 995 2831 flexis
1018 2759 1193 2832 exorabant
1214 2765 1397 2848 poplitibus.
1432 2767 1504 2832 Dux
1525 2768 1634 2849 itaque

398 2868 527 2947 pietatis
550 2872 673 2934 amator
695 2885 805 2934 omnes
829 2870 920 2935 vivos
940 2888 1130 2937 conservare
1155 2870 1344 2954 instituens,
1375 2871 1534 2937 civitatem
1566 2876 1635 2937 tan·

397 2977 465 3034 tum
488 2971 657 3036 devastare
680 2973 833 3054 precepit.
858 2972 927 3051 Quo
943 2979 1081 3055 peracto,
1105 2973 1207 3040 victor
1225 2973 1374 3056 princeps
1390 2975 1492 3041 sancti
1507 2973 1635 3040 Maximi

397 3074 583 3140 aecclesiam
613 3075 831 3158 reciprocavit.
863 3077 933 3143 Illic
962 3078 1245 3158 ngusiensis
1276 3077 1534 3161 archiepiscopus
1564 3097 1633 3144 cum

395 3179 459 3244 suis
483 3179 684 3259 conveniens,
709 3181 812 3247 eidem
836 3183 968 3264 principi
989 3186 1189 3247 sacramenta
1210 3199 1319 3248 omnes
1342 3180 1511 3266 iacientes,
1542 3183 1634 3249 obse-

396 3285 471 3364 quia
493 3284 593 3348 multa
616 3283 806 3351 detulerunt.

439 3386 518 3453 Inde
540 3388 699 3469 predictas
722 3390 866 3455 civitates
889 3390 1079 3470 repetendo,
1104 3389 1283 3456 remeans¹⁹
1306 3392 1347 3456 ad
1370 3390 1542 3456 Veneciem
1565 3409 1634 3456 cum

396 3491 452 3555 tali
476 3491 634 3573 triumpho
657 3493 786 3558 mndem
809 3513 974 3574 regressus
997 3499 1058 3560 est.

483 3634 625 3694 Johnnnis
648 3635 805 3695 chronicon
828 3637 982 3696 Venatum.
1006 3637 1093 3696 Pertz
1116 3635 1168 3696 SS.
1193 3635 1258 3710 VH,
1283 3639 1418 3698 31-33.
1451 3637 1487 3698 A.
1504 3637 1634 3698 Danduli

440 3719 540 3780 chron.
556 3726 654 3783 venet.
672 3724 728 3783 loc.
745 3723 793 3783 cit.
813 3724 881 3799 XII,
898 3725 1079 3784 aar-230.

482 3859 518 3919 A.
535 3858 690 3919 Dandolns
706 3858 749 3939 (p.
768 3855 844 3941 227)
868 3860 1038 3934 narrationi,
1062 3879 1150 3936 quarn
1166 3879 1182 3921 e
1198 3861 1333 3922 Johanne
1355 3861 1479 3921 diacono
1503 3861 1635 3938 descrip-

438 3945 484 4024 ait,
509 3944 618 4005 haecce
640 3948 817 4022 praemittit:

484 4027 571 4108 „Hoc
600 4036 745 4112 tempore
775 4035 901 4097 mortuo
931 4029 1108 4113 Tyrpimiro
1139 4051 1215 4113 rege
1238 4031 1425 4098 croatorum
1448 4032 1532 4097 inter
1555 4031 1635 4097 lilios

435 4115 634 4180 Mucimirum
670 4123 703 4182 et
737 4115 940 4199 Surignam²⁰
972 4117 1144 4199 cupiditate
1180 4118 1336 4198 regnandi
1370 4125 1441 4183 orta
1473 4117 1635 4184 eontentio

437 4201 573 4269 schisma
607 4221 755 4284 magnum
789 4203 822 4267 in
850 4203 906 4268 illa
938 4205 1068 4286 regione
1105 4205 1276 4285 generarit.
1311 4203 1496 4269 Mucimirus
1530 4209 1636 4270 tamma

438 4289 634 4368 praevalens,
659 4289 802 4370 plurimis
825 4290 857 4354 in
880 4291 1051 4357 rebellione
1066 4292 1186 4373 positis,
1211 4309 1343 4374 regnum
1359 4289 1503 4372 obtinuit,
1521 4290 1637 4355 damna

436 4375 576 4444 inferens
600 4375 765 4442 maritimis
788 4377 967 4443 civitatibus
990 4379 1179 4442 Dalmatiae.
1203 4376 1273 4455 Qua
1297 4377 1336 4442 de
1352 4393 1447 4442 causa
1462 4376 1580 4443 Veneti
1596 4377 1635 4442 ab

436 4461 498 4526 illis
521 4463 642 4528 evocati
665 4479 736 4528 cum
758 4463 965 4544 permissione
987 4462 1097 4530 Basilii
1120 4470 1153 4530 et
1175 4463 1384 4547 Constantini,
1405 4463 1633 4544 imperatorum

438 4547 873 4631 constantinopolitanorum,
905 4569 925 4614 a
954 4553 1067 4632 quibus
1090 4569 1182 4634 reges
1207 4551 1254 4616 illi
1277 4555 1435 4631 sceptrum
1458 4549 1633 4630 antiquitus

437 4633 729 4716 recognoverantfl,
754 4636 926 4702 dominium
948 4637 1125 4704 Dalmatiae
1140 4637 1286 4720 primitus
1305 4641 1504 4718 aeceperunt,
1529 4643 1566 4702 ut
1587 4635 1634 4701 hi·
1759 4693 1760 4710 ,

1579 4777 1760 5242 l
