3480 5284
1372 431 1411 496 35

222 625 229 656 ¹
247 623 352 684 solatio.
446 627 457 660 ²
475 627 577 686 Viatro.
605 625 637 684 V.
656 627 801 687 Mihlodit:
820 628 872 688 Die
889 629 1006 703 Bildung
1023 630 1072 689 der
1089 631 1154 690 slav.
1173 633 1418 692 Personennaman.

183 731 223 770 nr.
242 719 284 771 67.
302 714 417 786 Vy'atlro,
436 715 529 773 Vbcho
542 724 593 772 eta.
611 718 727 774 Thema:
753 723 852 769 santra
870 720 940 790 plus.
997 721 1093 778 ³1bid.
1106 739 1147 778 nr.
1163 726 1218 780 loa.
1231 723 1301 794 Dan,
1314 723 1422 794 Danho,

185 801 316 858 Danbulo.
388 805 521 860 ⁴Viatro.
594 805 724 863 ⁵Viatro.
798 806 929 878 ‘Damia
949 806 1008 864 ride
1026 809 1089 865 ibid.
1108 827 1148 866 nr.
1168 813 1210 866 99.
1260 871 1264 878 ,

759 1107 849 1178 27.

186 1224 208 1286 i.
224 1225 276 1294 roto.
295 1243 364 1286 meme
379 1225 478 1304 haguno.
493 1227 575 1306 hegiae.

301 1381 427 1448 Incolae
449 1385 586 1449 ciuitatis
612 1385 677 1450 ota
702 1385 806 1452 Fracta
835 1387 957 1452 Venetia
979 1388 1129 1453 tributam
1150 1389 1308 1472 madent.

675 1541 788 1610 (Charta
807 1541 921 1612 spuria.)

228 1661 265 1727 In
289 1665 413 1730 nomine
436 1665 488 1732 dei
507 1671 540 1732 et
561 1667 729 1732 saluatoris
751 1666 830 1734 Jesu
853 1667 980 1734 Christi.
1018 1667 1107 1733 Auno
1132 1669 1172 1734 ab
1195 1669 1414 1735 incarnatione

188 1765 328 1835 eiusdem
362 1771 570 1852 redemptoris
601 1773 702 1838 nostri
734 1773 899 1839 millesimo
930 1779 1043 1838 cctam
1074 1773 1214 1852 decimo,
1248 1773 1420 1841 indictione

188 1872 298 1954 prima,
323 1893 430 1942 rnense
453 1877 588 1958 augusti.
612 1877 648 1942 In
672 1877 809 1961 ciuitate,
834 1896 915 1961 quae
938 1893 1069 1943 uocatur
1086 1877 1193 1959 Vogla.
1219 1877 1419 1959 Spondentes

184 1979 375 2058 spondemus
398 1987 432 2046 et
454 1981 675 2063 promittentes
699 1982 910 2064 promittimus
934 2001 991 2048 nos
1012 1983 1139 2063 quidem
1155 1983 1342 2062 (ὶοᾱοεῑτο,1
1365 1983 1418 2064 qui

185 2083 279 2151 modo
303 2092 434 2151 uocatur
458 2085 623 2165 Saronico,
661 2087 805 2153 habitans
826 2089 859 2152 in
883 2087 1088 2164 Cha-Fisole,
1122 2106 1185 2152 una
1207 2088 1327 2169 pariter
1333 2106 1418 2194 yrum

185 2187 294 2254 Dabro
318 2191 524 2272 praesbytero
548 2197 643 2272 atquc
667 2193 811 2258 omnibus
834 2192 1064 2257 habitatoribus
1088 2192 1268 2273 praedictae
1290 2199 1419 2258 nostrae

185 2291 323 2358 ciuitatis
358 2293 565 2378 ona-Fisus,
601 2315 669 2359 cunr
706 2297 822 2362 nostris
857 2297 1065 2375 haeredibus,
1101 2296 1348 2377 prohaeredibus
1381 2315 1419 2362 ac

186 2399 423 2465 successoribus
447 2401 544 2484 urbis,
569 2401 682 2466 domno
707 2401 829 2486 Ottoni,
851 2401 923 2466 duci
946 2401 1150 2466 venetiarum
1174 2407 1269 2481 atque
1289 2401 1416 2466 Dalma-

184 2502 308 2582 tiarum,
332 2502 449 2571 seniori
472 2511 590 2585 nostro,
615 2501 647 2571 'et
672 2507 740 2571 cius
763 2505 953 2571 haeredibus
976 2524 1013 2570 ac
1034 2505 1283 2587 prohaeredibus
1299 2511 1332 2571 at
1347 2524 1418 2571 suc·

185 2608 386 2688 censoribus,
417 2608 579 2676 uidelicet:
611 2610 745 2676 amodo
769 2611 799 2674 in
824 2616 917 2676 autea
948 2610 1022 2676 darc
1053 2611 1143 2677 uobis
1167 2609 1338 2688 debeamus
1359 2629 1417 2691 pro

186 2713 305 2778 tributo
329 2733 428 2794 usque
451 2715 483 2778 in
506 2716 731 2796 sempiternum
757 2735 814 2796 per
836 2734 959 2782 ornnenr
982 2734 1097 2780 annum
1114 2715 1213 2796 pelles
1228 2716 1418 2782 nrarturinas

185 2817 285 2882 bonas
317 2818 493 2899 quindecim
526 2820 557 2883 in
588 2819 754 2884 natiuitate
778 2819 895 2885 domini
919 2820 1017 2884 nostri
1041 2819 1117 2886 Jesn
1142 2817 1260 2884 Christi
1283 2839 1341 2901 per
1363 2839 1418 2886 no-

109 2908 114 2914 ’
187 2926 288 2986 strum
311 2925 472 3005 proprium
496 2925 643 3002 missnm;
675 2943 711 2988 ac
740 2923 850 2990 fideles
879 2945 949 2990 esse
973 2924 1144 2989 ‹lobnamus
1166 2943 1225 2989 nos
1249 2943 1319 2988 cum
1342 2924 1417 2990 hae-

185 3027 314 3093 redibus
338 3047 376 3092 ac
399 3028 647 3110 prohaeredibus
669 3029 787 3094 nostris
810 3029 901 3094 uobis
925 3035 958 3095 et
981 3030 1215 3094 successoribus
1232 3029 1362 3107 uestris3
1386 3035 1419 3095 et

186 3133 304 3199 nullam
327 3135 583 3199 contrarietatem
607 3152 665 3198 nec
688 3133 892 3198 damnitatem
922 3135 1038 3198 uestris
1066 3133 1213 3199 fidelibus
1236 3133 1340 3199 facere
1364 3133 1418 3199 de-

185 3238 333 3318 beamus,
366 3239 451 3319 quod
473 3239 544 3319 plus
568 3239 660 3303 citius
684 3237 855 3319 poterimus
880 3245 944 3302 tam
968 3238 999 3302 in
1023 3239 1074 3304 die
1099 3257 1192 3318 quarn
1216 3240 1248 3302 in
1271 3243 1362 3304 nocte
1386 3244 1419 3304 et

185 3343 347 3410 adiutores
371 3352 404 3409 et
427 3342 609 3410 defensores
632 3342 677 3410 ais
702 3363 772 3408 esse
796 3342 977 3408 debeamus.
1006 3343 1094 3408 Haec
1116 3348 1222 3407 autem
1246 3343 1359 3422 omnia,
1384 3347 1420 3408 nt

187 3467 283 3529 supra
305 3448 431 3530 legium,
456 3449 628 3513 obseruare
651 3453 685 3512 et
707 3447 879 3528 adimplere
894 3448 1105 3527 promittimus
1128 3447 1195 3512 sine
1217 3446 1301 3512 ornni
1324 3448 1419 3512 inter-

116 3561 119 3566 '
186 3554 337 3620 missione
368 3557 464 3634 atque
497 3553 558 3618 alio
593 3551 779 3632 interposito
814 3552 958 3634 capitulo.
999 3552 1032 3616 Si
1063 3557 1168 3616 antem
1199 3571 1255 3632 per
1285 3551 1419 3634 quoduis

186 3657 374 3743 (ingenium)
398 3658 574 3738 predictum
598 3658 750 3722 tributum
774 3657 864 3722 uobis
888 3677 949 3721 non
973 3656 1152 3721 dederimus
1174 3657 1258 3720 omni
1282 3675 1363 3722 anno
1386 3657 1419 3722 in

185 3763 357 3828 constituto
380 3767 541 3843 tempore,
574 3768 607 3826 et
630 3780 690 3827 non
716 3761 991 3828 obseruanerinrus
1015 3761 1133 3839 onmia,
1168 3761 1249 3825 sicut
1271 3761 1418 3842 superius

185 3867 318 3950 legitur,
353 3873 428 3932 tuuc
458 3885 648 3948 componere
678 3867 889 3946 promittimus
921 3885 990 3930 curn
1020 3866 1135 3930 nostris
1166 3865 1356 3931 haeredibus
1387 3872 1420 3931 et

185 3971 434 4054 prohaeredibus
470 3971 561 4038 uobis
595 3977 629 4034 et
661 3971 776 4036 uestris
811 3971 1047 4037 successoribus
1082 3971 1152 4034 auri
1185 3969 1282 4036 obrizi
1320 3969 1419 4035 libras

186 4078 333 4159 quinque.
358 4077 400 4142 Et
423 4077 500 4142 haec
522 4077 689 4157 promissio
712 4093 812 4156 usquc
835 4078 866 4139 in
889 4083 1077 4157 perpetuum
1101 4081 1227 4140 maneat
1246 4075 1277 4138 in
1294 4094 1352 4140 sua
1366 4073 1418 4139 tir·

185 4184 305 4247 mitate.
343 4181 472 4264 Signum
497 4182 543 4264 (†)
566 4199 677 4246 manus
708 4179 872 4257 Serenico,
906 4181 959 4262 qui
988 4181 1049 4246 hoa
1078 4179 1146 4244 fieri
1181 4180 1314 4262 rogauit.
1349 4180 1419 4262 Ego

184 4288 373 4370 praesbyter
395 4287 504 4350 Dabro
528 4305 623 4350 mann
644 4303 715 4350 mea
738 4285 858 4366 scripsi.
883 4285 1011 4368 Signum
1037 4283 1083 4369 (i)
1106 4303 1216 4350 manus
1238 4284 1325 4350 Petri
1345 4284 1419 4350 Sca·

185 4393 278 4471 mini,
310 4393 364 4474 qni
391 4392 451 4457 hoc
473 4389 540 4456 fieri
564 4391 697 4472 rogauit.
733 4389 863 4472 Signum
886 4389 933 4475 (y)
957 4389 1068 4454 Marini
1091 4387 1273 4472 Stredrago,
1296 4388 1419 4472 m(anu)

185 4499 281 4580 stua).
306 4495 435 4578 Signum
452 4495 498 4580 (†)
514 4495 671 4575 Resiuico,
689 4491 774 4578 s(ua)
790 4495 922 4576 mtanu).
940 4491 1084 4579 (Signum
1100 4494 1119 4576 y
1134 4495 1258 4577 manus)
1275 4492 1418 4558 Vecinto.

186 4603 256 4682 Ego
279 4601 393 4667 Vitatis
416 4601 583 4682 episcopus
607 4601 646 4664 de
669 4599 798 4664 ciuitate
821 4597 924 4680 Vegla
945 4599 1037 4664 testis
1060 4598 1240 4678 subscripsi.
1264 4597 1333 4680 Ego
1348 4596 1417 4662 Ma·

187 4707 274 4772 rinus
297 4706 484 4787 praesbyter
506 4705 597 4770 testis
620 4703 801 4784 subscripsi.
835 4701 904 4786 Ego
928 4702 1091 4769 iohannes
1122 4702 1212 4768 testis
1234 4701 1420 4784 subscripsi.

1296 4805 1315 4840 'k
