3602 5304
297 382 359 480 aas

336 617 408 679 tiam
423 617 544 679 irruisse
559 619 616 694 via,
634 635 711 693 quae
726 618 932 679 ad‘dexteram
949 617 1035 679 Drini
1050 620 1143 696 ripam
1161 619 1289 684 ducebat
1300 621 1424 698 primum
1441 639 1534 698 usque

335 704 374 764 ad
391 707 545 764 stationem
565 705 623 786 „ad
638 703 794 782 Drinnm“,
812 705 920 765 exinde
935 721 1007 766 vero
1023 707 1145 766 traiecto
1160 707 1217 766 hoo
1232 707 1321 766 fluuio
1333 707 1409 766 inira
1420 707 1535 783 Argen-

334 791 440 850 tariam
458 787 644 871 (Suebrnics)
664 792 843 851 Dalmatiam
859 793 1090 866 ingrediebatur.
1119 793 1213 852 Huius
1228 793 1345 867 quidem
1363 796 1532 868 provinciae

335 883 449 952 partem
465 883 577 936 tantum
594 878 763 936 Pannoniae
786 878 933 937 secundae
959 880 1126 953 contiguam
1143 897 1162 937 a
1178 877 1353 954 Outnrguris
1368 884 1464 939 cotum
1481 879 1531 940 de·

335 966 480 1022 vastatam
496 961 596 1039 fuisse,
614 979 774 1024 censemus.

331 1079 369 1132 ¹i.
388 1093 411 1132 e.
430 1077 614 1133 Romanorum
632 1061 798 1148 στρὲτηγὸς
814 1079 922 1133 nomine
938 1059 1043 1146 Busa,
1063 1077 1169 1146 quiueu
1184 1095 1288 1146 ,comes
1306 1079 1346 1134 rei
1360 1079 1499 1148 privatae“
1518 1096 1536 1134 a

290 1163 408 1223 Nassete
426 1163 533 1234 legatus
551 1162 587 1222 ad
603 1163 724 1218 Francos
743 1179 766 1222 a.
786 1166 836 1220 561
855 1165 954 1220 missus
972 1171 1040 1233 erat,
1064 1163 1125 1220 dein
1138 1164 1201 1222 istri
1219 1163 1359 1222 custodiae
1376 1164 1536 1234 praeficitur

294 1250 379 1322 (562),
398 1255 429 1304 ut
439 1251 590 1304 avarorum
604 1249 774 1305 incursiones
783 1249 939 1320 impediret3
958 1249 1064 1305 demum
1074 1249 1164 1303 Sirmii
1175 1249 1296 1308 defensio
1309 1249 1393 1304 eidem
1410 1249 1535 1304 traditur.

293 1335 445 1391 Menander
461 1335 513 1391 loc.
532 1337 578 1390 eit.
597 1353 624 1406 p.
643 1339 755 1390 tus-u.
847 1335 997 1392 ’Jordanis
1017 1334 1170 1406 ,Ultaigirt
1189 1335 1355 1405 succinget
1374 1337 1430 1406 (op.
1448 1337 1493 1390 cit.
1513 1353 1534 1390 c.

291 1427 352 1492 dp.
372 1424 406 1477 29
425 1421 464 1477 ed
492 1421 605 1491 Closs.),
631 1422 792 1478 Hunnorum
816 1423 915 1491 stirps,
942 1437 1012 1490 qnae
1038 1437 1098 1478 sese
1123 1423 1222 1476 Avaris
1247 1423 1393 1477 associavit
1423 1423 1535 1478 Zenssio

290 1507 354 1580 (Die
372 1507 529 1564 Dantscuan
548 1523 574 1576 p.
593 1511 656 1576 716)
675 1507 817 1576 Kutriguri
841 1515 905 1564 sunt
922 1507 963 1564 ilii
980 1508 1100 1576 Buigari,
1119 1508 1165 1576 qui
1183 1507 1217 1562 ed
1241 1507 1397 1562 Danubium
1414 1508 1532 1562 medinm

291 1595 370 1658 sedes
389 1594 515 1655 fixerant.

291 1831 454 1894 r.uu-uu
898 1745 927 1806 θ’

615 1937 718 2002 Δυαη·
738 1937 845 2002 urban
867 1937 1019 2002 &mnium
1041 1945 1197 2026 occupant.

334 2059 492 2142 Baianus,
524 2057 664 2125 Avarum
695 2058 883 2142 chaganus*
907 2059 1019 2127 codem
1043 2077 1125 2125 anuo
1150 2057 1343 2142 Targitium²
1365 2059 1406 2126 ad
1429 2057 1529 2140 impe·

293 2169 442 2242 retorem,
466 2163 519 2245 qui
543 2165 701 2246 praestari
725 2163 819 2232 solita
841 2163 999 2246 stipendia
1022 2163 1171 2248 exigeret,
1195 2165 1281 2229 misit
1303 2165 1407 2246 (crant
1426 2169 1532 2231 curtem

293 2265 575 2349 octogints'millia
598 2285 812 2350 nummorum,
846 2284 927 2347 quac
951 2266 1121 2348 quotannis
1144 2265 1392 2352 pendebantur);
1425 2271 1459 2332 et
1480 2265 1533 2331 ubi

290 2389 361 2437 eum
386 2369 517 2454 reliquis
538 2369 715 2452 mercibus,
740 2388 820 2451 quas
843 2374 981 2450 emerat,
1006 2373 1132 2434 etcum
1156 2389 1234 2435 auro
1258 2371 1297 2435 ad
1320 2369 1407 2434 illurn
1432 2368 1549 2466 redies

288 2481 349 2554 rat,
374 2473 540 2554 barbarus,
564 2473 651 2540 nulia
672 2475 837 2540 occasione
860 2480 914 2538 sut
931 2491 1027 2538 causa
1041 2471 1184 2553 conficta,
1210 2493 1249 2540 ne
1265 2472 1377 2540 falsam
1394 2473 1520 2556 quidam

289 2579 524 2645 accusationem
547 2577 579 2641 iu
602 2578 761 2642 Romanos
782 2575 972 2642 comminisci
990 2577 1146 2660 dignatus,
1171 2577 1453 2659 impudentissime,
1478 2575 1532 2658 qui

290 2679 437 2751 barbaris
467 2697 535 2746 mos
568 2687 635 2755 est,
666 2678 812 2764 foedera,
844 2698 926 2761 quac
961 2697 1031 2744 cnm
1054 2679 1181 2746 Tiberio
1202 2681 1291 2746 initio
1315 2681 1384 2763 ejus
1406 2679 1529 2764 imperii

292 2785 431 2865 iecerat,
462 2784 564 2866 rupit,
596 2787 730 2850 etcum
760 2785 845 2858 omni
875 2784 1014 2850 exercitu
1044 2801 1175 2849 movens
1198 2784 1238 2850 ad
1263 2783 1380 2850 Savum
1403 2781 1531 2850 fluvium

290 2889 376 2958 inter
397 2885 546 2954 Sirmium
576 2887 727 2970 oppidum
759 2887 833 2970 (boc
856 2906 894 2952 ex
916 2886 1040 2952 insidiis
1072 2906 1186 2969 capere
1210 2887 1384 2972 cogitabat)
1408 2895 1440 2956 et
1462 2887 1532 2954 Sin·

288 2992 445 3075 godonem
476 2998 581 3056 csstra
611 2991 719 3073 ponit,
751 2995 784 3056 ct
809 2989 938 3055 dunum
968 2996 1065 3071 ponte
1092 2992 1228 3074 jungere
1250 2993 1392 3072 suscipit.
1428 2990 1531 3069 Quum

288 3101 395 3164 autem
418 3093 546 3161 timeret
569 3112 610 3160 ne
626 3113 651 3158 a
673 3093 826 3159 Romanis
851 3093 1072 3175 impediretur,
1103 3094 1157 3176 qui
1180 3093 1361 3178 Singedone
1384 3095 1416 3160 in
1439 3113 1531 3178 prae-

286 3196 376 3265 sidiis
399 3201 508 3276 erant,
539 3198 674 3264 maxime
696 3197 781 3278 quod
804 3196 936 3261 multum
962 3215 1051 3262 usum
1074 3200 1108 3262 et
1130 3198 1294 3265 scientiam
1317 3197 1443 3266 navium
1467 3195 1525 3263 flu·

288 3301 381 3370 minis
404 3300 583 3378 habebant;
607 3301 771 3368 eonsilium
794 3319 895 3384 suum,
920 3305 1090 3382 antequam
1106 3302 1138 3366 in
1155 3301 1282 3384 vulgum
1305 3301 1528 3379 innotesceret,

289 3409 498 3472 exsecuturus
521 3403 621 3470 inulta
643 3404 785 3472 uectoria
807 3403 979 3486 graviaque
997 3404 1123 3488 nauigio
1144 3406 1176 3470 in
1201 3405 1283 3471 Istro
1306 3423 1365 3488 per
1386 3405 1527 3490 superio·

288 3527 357 3575 rem
379 3506 574 3574 Pannoniam
599 3507 713 3588 coegit,
737 3506 915 3588 exquibus,
940 3524 1147 3588 quaecuuque
1167 3510 1304 3576 nancisci
1327 3499 1440 3589 potuit,
1462 3527 1527 3574 nun

287 3611 414 3695 quidem
438 3611 479 3676 ad
502 3611 580 3692 artis
605 3611 731 3676 navium
754 3609 1023 3676 aedificandarum
1046 3613 1215 3690 rationem,
1240 3619 1346 3678 tuuren
1369 3629 1466 3678 naves
1487 3631 1527 3677 ea

288 3713 522 3800 magnitudine,
553 3719 590 3779 ut
611 3714 653 3779 ad
673 3713 792 3780 bellum
816 3719 911 3796 aptae
935 3717 1052 3797 essent,
1076 3715 1238 3790 exstruxit,
1262 3721 1295 3781 et
1316 3734 1371 3782 eus
1394 3715 1527 3781 homiui-

284 3819 347 3886 bus
378 3817 511 3882 armatis
542 3822 576 3882 et
605 3817 776 3899 remigibus
807 3817 971 3896 instruxit,
1007 3819 1059 3898 qui
1090 3817 1261 3884 barbarum
1286 3819 1319 3884 in
1340 3838 1459 3886 morem
1483 3819 1529 3884 in-

286 3921 424 3992 conditis
447 3920 563 3988 ictibus
593 3938 707 4004 aquam
739 3919 960 3988 verberabant.
990 3921 1041 3988 Ita
1063 3921 1156 3988 simul
1180 3923 1281 3988 classe
1303 3941 1419 4004 magno
1442 3929 1528 3990 motu

284 4023 422 4092 fluminis
445 4025 587 4100 devecta,
619 4043 690 4093 oum
714 4025 858 4092 omnibus
880 4023 1017 4092 Avarum
1042 4025 1246 4106 pedestribus
1269 4026 1368 4108 copiis
1393 4045 1449 4107 per
1465 4025 1530 4091 Sir-

284 4129 422 4194 mianam
445 4127 583 4193 insulam
606 4117 662 4218 (basi
677 4136 732 4200 τῆς
746 4125 898 4214 Σιρμιανῆς
914 4123 1010 4198 stood
1027 4145 1152 4194 cursum
1168 4129 1279 4206 tenuit,
1305 4135 1339 4194 ot
1354 4129 1395 4194 ed
1413 4129 1527 4195 Sauum

284 4230 415 4296 fiuvium
437 4231 591 4312 peruenit.
616 4231 685 4297 Hoc
708 4237 877 4312 conspecto
900 4237 1064 4312 apparatu,
1095 4232 1240 4316 Romani,
1264 4231 1372 4313 quiin
1395 4232 1528 4299 urbibus

284 4335 319 4399 in
335 4352 375 4400 ea
390 4339 483 4417 parte
499 4333 568 4400 sitis
583 4331 780 4413 habitabant,
797 4335 1001 4400 uehementer
1016 4339 1090 4398 sunt
1105 4335 1292 4416 perturbati.
1316 4335 1399 4400 Erat
1413 4333 1530 4401 Setbus

286 4435 471 4520 singedone
492 4436 674 4519 praefectus
696 4429 760 4525 (τοῦ
782 4458 817 4500 τε
839 4441 868 4501 ἐν
891 4424 1047 4523 zambrin
1069 4431 1257 4530 στρατηγοῦ).
1287 4438 1320 4503 Is
1343 4437 1384 4503 ad
1403 4437 1528 4520 Chaga-

284 4557 361 4608 num
392 4539 494 4618 misit,
531 4539 586 4620 qui
618 4558 655 4607 ex
685 4538 755 4621 ipso
787 4547 972 4622 quaereret,
1009 4540 1157 4618 quoniam
1181 4559 1242 4624 pax
1265 4547 1299 4607 ct
1319 4539 1460 4608 amicitia
1482 4539 1529 4605 illi

281 4659 352 4710 uum
377 4643 531 4710 Romanis
553 4651 649 4724 esset,
672 4643 748 4722 quid
773 4647 834 4711 sibi
858 4645 962 4722 uellet,
985 4645 1071 4724 qnod
1088 4645 1129 4710 ad
1145 4643 1241 4710 Saum
1259 4645 1410 4725 venisset,
1434 4662 1528 4725 quem
