<?xml version="1.0" encoding="UTF-8"?>
<!DOCTYPE html PUBLIC "-//W3C//DTD XHTML 1.0 Transitional//EN"
    "http://www.w3.org/TR/xhtml1/DTD/xhtml1-transitional.dtd">
<html xmlns="http://www.w3.org/1999/xhtml" xml:lang="en" lang="en">
 <head>
  <title>
</title>
<meta http-equiv="Content-Type" content="text/html;charset=utf-8" />
  <meta name='ocr-system' content='tesseract 3.04.00' />
  <meta name='ocr-capabilities' content='ocr_page ocr_carea ocr_par ocr_line ocrx_word'/>
</head>
<body>
  <div class='ocr_page' id='page_1' title='image "./documentahistor00ragoog_0189.png"; bbox 0 0 3494 5410; ppageno 0'>
   <div class='ocr_carea' id='block_1_1' title="bbox 761 605 886 680">
    <p class='ocr_par' dir='ltr' id='par_1_1' title="bbox 761 605 886 680">
     <span class='ocr_line' id='line_1_1' title="bbox 761 605 886 680; baseline -0.008 0"><span class='ocrx_word' id='word_1_1' title='bbox 761 605 886 680; x_wconf 76' lang='lat'><strong>129.</strong></span> 
     </span>
    </p>
   </div>
   <div class='ocr_carea' id='block_1_2' title="bbox 201 679 1375 931">
    <p class='ocr_par' dir='ltr' id='par_1_2' title="bbox 201 679 1375 931">
     <span class='ocr_line' id='line_1_2' title="bbox 201 679 567 774; baseline 0 0"><span class='ocrx_word' id='word_1_2' title='bbox 201 711 261 774; x_wconf 77' lang='lat' dir='ltr'><strong>aa</strong></span> <span class='ocrx_word' id='word_1_3' title='bbox 276 730 296 773; x_wconf 71' lang='lat' dir='ltr'><strong>a</strong></span> <span class='ocrx_word' id='word_1_4' title='bbox 312 711 367 774; x_wconf 82' lang='lat' dir='ltr'><strong>roa</strong></span> <span class='ocrx_word' id='word_1_5' title='bbox 382 711 478 774; x_wconf 68' lang='lat' dir='ltr'><strong>aba.</strong></span> <span class='ocrx_word' id='word_1_6' title='bbox 566 679 567 684; x_wconf 55' lang='lat'>‘</span> 
     </span>
     <span class='ocr_line' id='line_1_3' title="bbox 272 847 1375 931; baseline 0.001 -17"><span class='ocrx_word' id='word_1_7' title='bbox 272 847 426 931; x_wconf 74' lang='lat' dir='ltr'><strong>„carata</strong></span> <span class='ocrx_word' id='word_1_8' title='bbox 448 847 616 914; x_wconf 77' lang='lat' dir='ltr'><strong>libertatis“</strong></span> <span class='ocrx_word' id='word_1_9' title='bbox 642 849 719 916; x_wconf 82' lang='lat' dir='ltr'><strong>doto</strong></span> <span class='ocrx_word' id='word_1_10' title='bbox 741 871 762 914; x_wconf 87' lang='lat' dir='ltr'><strong>a</strong></span> <span class='ocrx_word' id='word_1_11' title='bbox 783 849 961 916; x_wconf 82' lang='lat' dir='ltr'><strong>Joderta&#39;rria</strong></span> <span class='ocrx_word' id='word_1_12' title='bbox 981 849 1167 914; x_wconf 68' lang='lat' dir='ltr'><strong>monestede</strong></span> <span class='ocrx_word' id='word_1_13' title='bbox 1190 868 1216 914; x_wconf 87' lang='lat' dir='ltr'><strong>s.</strong></span> <span class='ocrx_word' id='word_1_14' title='bbox 1240 847 1375 916; x_wconf 82' lang='lat' dir='ltr'><strong>Mariae.</strong></span> 
     </span>
    </p>
   </div>
   <div class='ocr_carea' id='block_1_3' title="bbox 503 989 1289 1184">
    <p class='ocr_par' dir='ltr' id='par_1_3' title="bbox 503 989 1289 1184">
     <span class='ocr_line' id='line_1_4' title="bbox 503 989 1147 1056; baseline -0.003 0"><span class='ocrx_word' id='word_1_15' title='bbox 503 1009 530 1056; x_wconf 87' lang='lat' dir='ltr'><strong>a.</strong></span> <span class='ocrx_word' id='word_1_16' title='bbox 1119 989 1147 1054; x_wconf 90' lang='lat' dir='ltr'><strong>b.</strong></span> 
     </span>
     <span class='ocr_line' id='line_1_5' title="bbox 970 1109 1289 1184; baseline 0.006 -18"><span class='ocrx_word' id='word_1_17' title='bbox 970 1109 1085 1182; x_wconf 64' lang='lat' dir='ltr'><strong>(cunta</strong></span> <span class='ocrx_word' id='word_1_18' title='bbox 1103 1111 1289 1184; x_wconf 67' lang='lat' dir='ltr'><strong>mamona.)</strong></span> 
     </span>
    </p>
   </div>
   <div class='ocr_carea' id='block_1_4' title="bbox 208 1214 1608 1410">
    <p class='ocr_par' dir='ltr' id='par_1_4' title="bbox 208 1214 1608 1410">
     <span class='ocr_line' id='line_1_6' title="bbox 248 1214 1438 1303; baseline 0.008 -24"><span class='ocrx_word' id='word_1_19' title='bbox 248 1214 318 1299; x_wconf 73' lang='lat' dir='ltr'><strong>ligo</strong></span> <span class='ocrx_word' id='word_1_20' title='bbox 351 1215 516 1298; x_wconf 84' lang='lat' dir='ltr'><strong>Andreas,</strong></span> <span class='ocrx_word' id='word_1_21' title='bbox 551 1217 658 1298; x_wconf 79' lang='lat' dir='ltr'>presul</span> <span class='ocrx_word' id='word_1_22' title='bbox 690 1215 809 1284; x_wconf 85' lang='lat' dir='ltr'><strong>Jadere</strong></span> <span class='ocrx_word' id='word_1_23' title='bbox 883 1217 920 1282; x_wconf 94' lang='lat' dir='ltr'><strong>ln</strong></span> <span class='ocrx_word' id='word_1_24' title='bbox 934 1217 1051 1284; x_wconf 83' lang='lat' dir='ltr'><strong>Christi</strong></span> <span class='ocrx_word' id='word_1_25' title='bbox 1067 1219 1200 1285; x_wconf 92' lang='lat' dir='ltr'><strong>nomine.</strong></span> <span class='ocrx_word' id='word_1_26' title='bbox 1216 1219 1286 1303; x_wconf 83' lang='lat' dir='ltr'><strong>Ego</strong></span> <span class='ocrx_word' id='word_1_27' title='bbox 1301 1219 1438 1303; x_wconf 80' lang='lat' dir='ltr'><strong>bragar,</strong></span> 
     </span>
     <span class='ocr_line' id='line_1_7' title="bbox 208 1311 1608 1410; baseline 0.004 -24"><span class='ocrx_word' id='word_1_28' title='bbox 208 1319 309 1402; x_wconf 79' lang='lat' dir='ltr'><strong>urbis,</strong></span> <span class='ocrx_word' id='word_1_29' title='bbox 339 1339 403 1387; x_wconf 93' lang='lat' dir='ltr'><strong>una</strong></span> <span class='ocrx_word' id='word_1_30' title='bbox 430 1339 500 1387; x_wconf 89' lang='lat' dir='ltr'><strong>cum</strong></span> <span class='ocrx_word' id='word_1_31' title='bbox 522 1320 631 1404; x_wconf 83' lang='lat' dir='ltr'><strong>Drago</strong></span> <span class='ocrx_word' id='word_1_32' title='bbox 651 1321 756 1404; x_wconf 88' lang='lat' dir='ltr'><strong>priore</strong></span> <span class='ocrx_word' id='word_1_33' title='bbox 777 1328 810 1389; x_wconf 90' lang='lat' dir='ltr'><strong>et</strong></span> <span class='ocrx_word' id='word_1_34' title='bbox 839 1323 947 1406; x_wconf 83' lang='lat' dir='ltr'><strong>grecia</strong></span> <span class='ocrx_word' id='word_1_35' title='bbox 977 1323 1045 1390; x_wconf 87' lang='lat' dir='ltr'><strong>eius</strong></span> <span class='ocrx_word' id='word_1_36' title='bbox 1076 1323 1162 1404; x_wconf 91' lang='lat' dir='ltr'><strong>prior</strong></span> <span class='ocrx_word' id='word_1_37' title='bbox 1191 1323 1309 1393; x_wconf 88' lang='lat' dir='ltr'><strong>Jadere</strong></span> <span class='ocrx_word' id='word_1_38' title='bbox 1342 1327 1439 1410; x_wconf 80' lang='lat' dir='ltr'><strong>urbia,</strong></span> <span class='ocrx_word' id='word_1_39' title='bbox 1488 1373 1491 1380; x_wconf 86' lang='lat'>-</span> <span class='ocrx_word' id='word_1_40' title='bbox 1602 1311 1608 1332; x_wconf 88' lang='lat'>&#39;</span> 
     </span>
    </p>
   </div>
   <div class='ocr_carea' id='block_1_5' title="bbox 205 1407 1441 1598">
    <p class='ocr_par' dir='ltr' id='par_1_5' title="bbox 205 1407 1441 1598">
     <span class='ocr_line' id='line_1_8' title="bbox 206 1407 1439 1497; baseline 0.006 -23"><span class='ocrx_word' id='word_1_41' title='bbox 206 1407 292 1475; x_wconf 88' lang='lat' dir='ltr'><strong>clero</strong></span> <span class='ocrx_word' id='word_1_42' title='bbox 316 1414 350 1476; x_wconf 90' lang='lat' dir='ltr'><strong>at</strong></span> <span class='ocrx_word' id='word_1_43' title='bbox 371 1409 489 1492; x_wconf 92' lang='lat' dir='ltr'><strong>populo</strong></span> <span class='ocrx_word' id='word_1_44' title='bbox 505 1408 648 1475; x_wconf 91' lang='lat' dir='ltr'><strong>eiusdem</strong></span> <span class='ocrx_word' id='word_1_45' title='bbox 663 1409 809 1476; x_wconf 84' lang='lat' dir='ltr'><strong>ciuitatis.</strong></span> <span class='ocrx_word' id='word_1_46' title='bbox 841 1428 905 1476; x_wconf 87' lang='lat' dir='ltr'><strong>una</strong></span> <span class='ocrx_word' id='word_1_47' title='bbox 926 1427 997 1476; x_wconf 91' lang='lat' dir='ltr'><strong>cum</strong></span> <span class='ocrx_word' id='word_1_48' title='bbox 1028 1409 1185 1477; x_wconf 89' lang='lat' dir='ltr'><strong>nobilibus</strong></span> <span class='ocrx_word' id='word_1_49' title='bbox 1215 1418 1248 1478; x_wconf 89' lang='lat' dir='ltr'><strong>et</strong></span> <span class='ocrx_word' id='word_1_50' title='bbox 1277 1413 1360 1479; x_wconf 91' lang='lat' dir='ltr'><strong>omni</strong></span> <span class='ocrx_word' id='word_1_51' title='bbox 1382 1432 1439 1497; x_wconf 93' lang='lat' dir='ltr'><strong>po·</strong></span> 
     </span>
     <span class='ocr_line' id='line_1_9' title="bbox 205 1511 1441 1598; baseline 0.006 -21"><span class='ocrx_word' id='word_1_52' title='bbox 205 1512 330 1578; x_wconf 75' lang='lat' dir='ltr'>Placuit</span> <span class='ocrx_word' id='word_1_53' title='bbox 344 1513 436 1580; x_wconf 91' lang='lat' dir='ltr'><strong>nobis</strong></span> <span class='ocrx_word' id='word_1_54' title='bbox 456 1513 533 1581; x_wconf 89' lang='lat' dir='ltr'><strong>dare</strong></span> <span class='ocrx_word' id='word_1_55' title='bbox 554 1513 689 1580; x_wconf 89' lang='lat' dir='ltr'><strong>insulam</strong></span> <span class='ocrx_word' id='word_1_56' title='bbox 706 1513 811 1595; x_wconf 81' lang='lat' dir='ltr'><strong>Silue¹</strong></span> <span class='ocrx_word' id='word_1_57' title='bbox 841 1513 916 1598; x_wconf 92' lang='lat' dir='ltr'><strong>pulo</strong></span> <span class='ocrx_word' id='word_1_58' title='bbox 938 1511 1031 1580; x_wconf 92' lang='lat' dir='ltr'><strong>huius</strong></span> <span class='ocrx_word' id='word_1_59' title='bbox 1062 1515 1199 1581; x_wconf 88' lang='lat' dir='ltr'><strong>ciuitatis</strong></span> <span class='ocrx_word' id='word_1_60' title='bbox 1222 1517 1294 1598; x_wconf 90' lang='lat' dir='ltr'><strong>tibi,</strong></span> <span class='ocrx_word' id='word_1_61' title='bbox 1326 1517 1441 1587; x_wconf 87' lang='lat' dir='ltr'><strong>domna</strong></span> 
     </span>
    </p>
   </div>
   <div class='ocr_carea' id='block_1_6' title="bbox 206 1617 1538 1703">
    <p class='ocr_par' dir='ltr' id='par_1_6' title="bbox 206 1617 1538 1703">
     <span class='ocr_line' id='line_1_10' title="bbox 206 1617 1538 1703; baseline 0.005 -20"><span class='ocrx_word' id='word_1_62' title='bbox 206 1622 241 1683; x_wconf 92' lang='lat' dir='ltr'><strong>et</strong></span> <span class='ocrx_word' id='word_1_63' title='bbox 254 1635 364 1684; x_wconf 88' lang='lat' dir='ltr'><strong>ueram</strong></span> <span class='ocrx_word' id='word_1_64' title='bbox 380 1617 560 1686; x_wconf 87' lang='lat' dir='ltr'><strong>libertatem</strong></span> <span class='ocrx_word' id='word_1_65' title='bbox 576 1619 811 1702; x_wconf 88' lang='lat' dir='ltr'><strong>ueramquein·</strong></span> <span class='ocrx_word' id='word_1_66' title='bbox 840 1617 935 1686; x_wconf 81' lang='lat' dir='ltr'><strong>(licea</strong></span> <span class='ocrx_word' id='word_1_67' title='bbox 949 1619 1122 1697; x_wconf 73' lang='lat' dir='ltr'><strong>abbatissa,</strong></span> <span class='ocrx_word' id='word_1_68' title='bbox 1138 1618 1265 1703; x_wconf 86' lang='lat' dir='ltr'><strong>tuisque</strong></span> <span class='ocrx_word' id='word_1_69' title='bbox 1279 1623 1440 1690; x_wconf 87' lang='lat' dir='ltr'><strong>sororibus</strong></span> <span class='ocrx_word' id='word_1_70' title='bbox 1460 1629 1467 1656; x_wconf 84' lang='lat'><strong><em>‘</em></strong></span> <span class='ocrx_word' id='word_1_71' title='bbox 1536 1617 1538 1625; x_wconf 85' lang='lat'>&#39;</span> 
     </span>
    </p>
   </div>
   <div class='ocr_carea' id='block_1_7' title="bbox 205 1721 1444 3704">
    <p class='ocr_par' dir='ltr' id='par_1_7' title="bbox 205 1721 1444 3704">
     <span class='ocr_line' id='line_1_11' title="bbox 206 1721 1441 1806; baseline 0.005 -18"><span class='ocrx_word' id='word_1_72' title='bbox 206 1721 401 1803; x_wconf 80' lang='lat' dir='ltr'><strong>genuitatem</strong></span> <span class='ocrx_word' id='word_1_73' title='bbox 415 1723 605 1792; x_wconf 78' lang='lat' dir='ltr'><strong>monastario</strong></span> <span class='ocrx_word' id='word_1_74' title='bbox 621 1731 729 1790; x_wconf 88' lang='lat' dir='ltr'><strong>sancte</strong></span> <span class='ocrx_word' id='word_1_75' title='bbox 741 1722 809 1790; x_wconf 90' lang='lat' dir='ltr'><strong>Ma·</strong></span> <span class='ocrx_word' id='word_1_76' title='bbox 839 1723 1042 1806; x_wconf 81' lang='lat' dir='ltr'><strong>presentibus</strong></span> <span class='ocrx_word' id='word_1_77' title='bbox 1056 1729 1090 1790; x_wconf 91' lang='lat' dir='ltr'><strong>et</strong></span> <span class='ocrx_word' id='word_1_78' title='bbox 1104 1721 1227 1790; x_wconf 87' lang='lat' dir='ltr'><strong>futuris.</strong></span> <span class='ocrx_word' id='word_1_79' title='bbox 1248 1725 1371 1793; x_wconf 85' lang='lat' dir='ltr'><strong>Placuit</strong></span> <span class='ocrx_word' id='word_1_80' title='bbox 1386 1745 1441 1794; x_wconf 93' lang='lat' dir='ltr'><strong>no·</strong></span> 
     </span>
     <span class='ocr_line' id='line_1_12' title="bbox 206 1827 1442 1913; baseline 0.005 -21"><span class='ocrx_word' id='word_1_81' title='bbox 206 1827 265 1907; x_wconf 78' lang='lat' dir='ltr'><strong>rie,</strong></span> <span class='ocrx_word' id='word_1_82' title='bbox 289 1827 368 1893; x_wconf 66' lang='lat' dir='ltr'><strong>sito²</strong></span> <span class='ocrx_word' id='word_1_83' title='bbox 389 1828 422 1893; x_wconf 93' lang='lat' dir='ltr'><strong>in</strong></span> <span class='ocrx_word' id='word_1_84' title='bbox 444 1827 555 1895; x_wconf 88' lang='lat' dir='ltr'><strong>eadem</strong></span> <span class='ocrx_word' id='word_1_85' title='bbox 577 1828 673 1907; x_wconf 87' lang='lat' dir='ltr'><strong>urbe,</strong></span> <span class='ocrx_word' id='word_1_86' title='bbox 704 1827 809 1894; x_wconf 89' lang='lat' dir='ltr'><strong>indie</strong></span> <span class='ocrx_word' id='word_1_87' title='bbox 841 1829 888 1895; x_wconf 91' lang='lat' dir='ltr'><strong>bis</strong></span> <span class='ocrx_word' id='word_1_88' title='bbox 922 1827 1094 1896; x_wconf 76' lang='lat' dir='ltr'><strong>concedere</strong></span> <span class='ocrx_word' id='word_1_89' title='bbox 1123 1839 1255 1913; x_wconf 88' lang='lat' dir='ltr'><strong>propter</strong></span> <span class='ocrx_word' id='word_1_90' title='bbox 1284 1830 1377 1898; x_wconf 93' lang='lat' dir='ltr'><strong>deum</strong></span> <span class='ocrx_word' id='word_1_91' title='bbox 1407 1839 1442 1898; x_wconf 90' lang='lat' dir='ltr'><strong>et</strong></span> 
     </span>
     <span class='ocr_line' id='line_1_13' title="bbox 206 1929 1440 2022; baseline 0.006 -25"><span class='ocrx_word' id='word_1_92' title='bbox 206 1929 457 2000; x_wconf 84' lang='lat' dir='ltr'><strong>consecracionis</strong></span> <span class='ocrx_word' id='word_1_93' title='bbox 488 1932 557 1999; x_wconf 90' lang='lat' dir='ltr'><strong>eius</strong></span> <span class='ocrx_word' id='word_1_94' title='bbox 578 1931 717 2020; x_wconf 83' lang='lat' dir='ltr'><strong>basilice,</strong></span> <span class='ocrx_word' id='word_1_95' title='bbox 741 1931 810 2000; x_wconf 88' lang='lat' dir='ltr'><strong>iure</strong></span> <span class='ocrx_word' id='word_1_96' title='bbox 840 1931 1008 2020; x_wconf 57' lang='lat' dir='ltr'><strong>sanctam)</strong></span> <span class='ocrx_word' id='word_1_97' title='bbox 1025 1933 1076 1999; x_wconf 90' lang='lat' dir='ltr'><strong>dei</strong></span> <span class='ocrx_word' id='word_1_98' title='bbox 1091 1933 1305 2022; x_wconf 64' lang='lat' dir='ltr'><strong>genitricem)</strong></span> <span class='ocrx_word' id='word_1_99' title='bbox 1328 1943 1361 2003; x_wconf 93' lang='lat' dir='ltr'><strong>et</strong></span> <span class='ocrx_word' id='word_1_100' title='bbox 1382 1956 1440 2021; x_wconf 89' lang='lat' dir='ltr'><strong>pro</strong></span> 
     </span>
     <span class='ocr_line' id='line_1_14' title="bbox 205 2036 1440 2126; baseline 0.003 -24"><span class='ocrx_word' id='word_1_101' title='bbox 205 2044 361 2119; x_wconf 91' lang='lat' dir='ltr'><strong>perpetuo</strong></span> <span class='ocrx_word' id='word_1_102' title='bbox 384 2036 593 2126; x_wconf 87' lang='lat' dir='ltr'><strong>tenenda(m),</strong></span> <span class='ocrx_word' id='word_1_103' title='bbox 617 2038 657 2106; x_wconf 95' lang='lat' dir='ltr'><strong>ob</strong></span> <span class='ocrx_word' id='word_1_104' title='bbox 673 2038 809 2105; x_wconf 89' lang='lat' dir='ltr'><strong>salutem</strong></span> <span class='ocrx_word' id='word_1_105' title='bbox 840 2038 943 2105; x_wconf 88' lang='lat' dir='ltr'><strong>salute</strong></span> <span class='ocrx_word' id='word_1_106' title='bbox 964 2038 1138 2105; x_wconf 88' lang='lat' dir='ltr'><strong>animarum</strong></span> <span class='ocrx_word' id='word_1_107' title='bbox 1155 2045 1369 2122; x_wconf 89' lang='lat' dir='ltr'><strong>etcorporum</strong></span> <span class='ocrx_word' id='word_1_108' title='bbox 1384 2059 1440 2106; x_wconf 91' lang='lat' dir='ltr'><strong>no·</strong></span> 
     </span>
     <span class='ocr_line' id='line_1_15' title="bbox 206 2143 1439 2231; baseline 0.004 -23"><span class='ocrx_word' id='word_1_109' title='bbox 206 2143 345 2208; x_wconf 86' lang='lat' dir='ltr'><strong>ommam</strong></span> <span class='ocrx_word' id='word_1_110' title='bbox 365 2149 507 2209; x_wconf 84' lang='lat' dir='ltr'><strong>nostrum</strong></span> <span class='ocrx_word' id='word_1_111' title='bbox 533 2143 677 2210; x_wconf 87' lang='lat' dir='ltr'><strong>uiuorum</strong></span> <span class='ocrx_word' id='word_1_112' title='bbox 700 2149 734 2210; x_wconf 91' lang='lat' dir='ltr'><strong>et</strong></span> <span class='ocrx_word' id='word_1_113' title='bbox 756 2143 811 2208; x_wconf 88' lang='lat' dir='ltr'><strong>de·</strong></span> <span class='ocrx_word' id='word_1_114' title='bbox 840 2149 977 2210; x_wconf 86' lang='lat' dir='ltr'><strong>atrorum</strong></span> <span class='ocrx_word' id='word_1_115' title='bbox 990 2143 1195 2226; x_wconf 83' lang='lat' dir='ltr'><strong>(monasterio</strong></span> <span class='ocrx_word' id='word_1_116' title='bbox 1207 2151 1316 2211; x_wconf 89' lang='lat' dir='ltr'><strong>sancte</strong></span> <span class='ocrx_word' id='word_1_117' title='bbox 1326 2145 1439 2231; x_wconf 77' lang='lat' dir='ltr'><strong>blame)</strong></span> 
     </span>
     <span class='ocr_line' id='line_1_16' title="bbox 205 2247 1439 2332; baseline 0.003 -19"><span class='ocrx_word' id='word_1_118' title='bbox 205 2247 393 2314; x_wconf 82' lang='lat' dir='ltr'><strong>tunctorum.</strong></span> <span class='ocrx_word' id='word_1_119' title='bbox 423 2248 514 2328; x_wconf 84' lang='lat' dir='ltr'><strong>Quod</strong></span> <span class='ocrx_word' id='word_1_120' title='bbox 537 2249 564 2316; x_wconf 88' lang='lat' dir='ltr'><strong>si</strong></span> <span class='ocrx_word' id='word_1_121' title='bbox 593 2249 663 2330; x_wconf 88' lang='lat' dir='ltr'><strong>quis</strong></span> <span class='ocrx_word' id='word_1_122' title='bbox 686 2253 807 2331; x_wconf 88' lang='lat' dir='ltr'><strong>proter·</strong></span> <span class='ocrx_word' id='word_1_123' title='bbox 837 2266 946 2315; x_wconf 89' lang='lat' dir='ltr'><strong>ueram</strong></span> <span class='ocrx_word' id='word_1_124' title='bbox 960 2247 1149 2329; x_wconf 88' lang='lat' dir='ltr'><strong>libertatem,</strong></span> <span class='ocrx_word' id='word_1_125' title='bbox 1166 2267 1261 2332; x_wconf 90' lang='lat' dir='ltr'><strong>quam</strong></span> <span class='ocrx_word' id='word_1_126' title='bbox 1278 2250 1385 2317; x_wconf 88' lang='lat' dir='ltr'><strong>nullus</strong></span> <span class='ocrx_word' id='word_1_127' title='bbox 1400 2270 1439 2317; x_wconf 84' lang='lat' dir='ltr'><strong>ex</strong></span> 
     </span>
     <span class='ocr_line' id='line_1_17' title="bbox 209 2350 1440 2440; baseline 0.003 -23"><span class='ocrx_word' id='word_1_128' title='bbox 209 2371 269 2417; x_wconf 89' lang='lat' dir='ltr'><strong>uus</strong></span> <span class='ocrx_word' id='word_1_129' title='bbox 292 2350 443 2436; x_wconf 80' lang='lat' dir='ltr'><strong>deinceps</strong></span> <span class='ocrx_word' id='word_1_130' title='bbox 464 2353 525 2419; x_wconf 91' lang='lat' dir='ltr'><strong>boc</strong></span> <span class='ocrx_word' id='word_1_131' title='bbox 539 2359 682 2419; x_wconf 92' lang='lat' dir='ltr'><strong>nostrum</strong></span> <span class='ocrx_word' id='word_1_132' title='bbox 704 2358 808 2418; x_wconf 88' lang='lat' dir='ltr'><strong>actum</strong></span> <span class='ocrx_word' id='word_1_133' title='bbox 837 2354 953 2420; x_wconf 90' lang='lat' dir='ltr'><strong>nostris</strong></span> <span class='ocrx_word' id='word_1_134' title='bbox 968 2353 1167 2419; x_wconf 85' lang='lat' dir='ltr'><strong>monasteriis</strong></span> <span class='ocrx_word' id='word_1_135' title='bbox 1189 2352 1297 2440; x_wconf 84' lang='lat' dir='ltr'><strong>habet,</strong></span> <span class='ocrx_word' id='word_1_136' title='bbox 1321 2360 1440 2422; x_wconf 90' lang='lat' dir='ltr'><strong>utnon</strong></span> 
     </span>
     <span class='ocr_line' id='line_1_18' title="bbox 207 2457 1441 2542; baseline 0.002 -20"><span class='ocrx_word' id='word_1_137' title='bbox 207 2457 329 2524; x_wconf 89' lang='lat' dir='ltr'><strong>uiolare</strong></span> <span class='ocrx_word' id='word_1_138' title='bbox 357 2463 411 2523; x_wconf 88' lang='lat' dir='ltr'><strong>aut</strong></span> <span class='ocrx_word' id='word_1_139' title='bbox 434 2475 582 2540; x_wconf 88' lang='lat' dir='ltr'><strong>rumpere</strong></span> <span class='ocrx_word' id='word_1_140' title='bbox 606 2461 810 2540; x_wconf 83' lang='lat' dir='ltr'><strong>temptauerit</strong></span> <span class='ocrx_word' id='word_1_141' title='bbox 839 2457 997 2538; x_wconf 80' lang='lat' dir='ltr'><strong>conallus,</strong></span> <span class='ocrx_word' id='word_1_142' title='bbox 1026 2475 1089 2524; x_wconf 92' lang='lat' dir='ltr'><strong>non</strong></span> <span class='ocrx_word' id='word_1_143' title='bbox 1118 2457 1254 2524; x_wconf 77' lang='lat' dir='ltr'><strong>famulus</strong></span> <span class='ocrx_word' id='word_1_144' title='bbox 1276 2477 1376 2542; x_wconf 90' lang='lat' dir='ltr'><strong>usque</strong></span> <span class='ocrx_word' id='word_1_145' title='bbox 1399 2459 1441 2527; x_wconf 88' lang='lat' dir='ltr'><strong>ad</strong></span> 
     </span>
     <span class='ocr_line' id='line_1_19' title="bbox 206 2561 1441 2646; baseline 0.005 -21"><span class='ocrx_word' id='word_1_146' title='bbox 206 2561 240 2625; x_wconf 89' lang='lat' dir='ltr'><strong>in</strong></span> <span class='ocrx_word' id='word_1_147' title='bbox 259 2561 384 2644; x_wconf 88' lang='lat' dir='ltr'><strong>aliquo;</strong></span> <span class='ocrx_word' id='word_1_148' title='bbox 407 2567 441 2628; x_wconf 91' lang='lat' dir='ltr'><strong>et</strong></span> <span class='ocrx_word' id='word_1_149' title='bbox 455 2581 513 2645; x_wconf 92' lang='lat' dir='ltr'><strong>per</strong></span> <span class='ocrx_word' id='word_1_150' title='bbox 526 2564 591 2628; x_wconf 91' lang='lat' dir='ltr'><strong>uim</strong></span> <span class='ocrx_word' id='word_1_151' title='bbox 606 2563 724 2630; x_wconf 88' lang='lat' dir='ltr'><strong>sanctis</strong></span> <span class='ocrx_word' id='word_1_152' title='bbox 741 2581 806 2630; x_wconf 95' lang='lat' dir='ltr'><strong>mo·</strong></span> <span class='ocrx_word' id='word_1_153' title='bbox 836 2561 1011 2630; x_wconf 85' lang='lat' dir='ltr'><strong>formellam</strong></span> <span class='ocrx_word' id='word_1_154' title='bbox 1037 2563 1122 2630; x_wconf 90' lang='lat' dir='ltr'><strong>casei</strong></span> <span class='ocrx_word' id='word_1_155' title='bbox 1144 2582 1203 2646; x_wconf 91' lang='lat' dir='ltr'><strong>per</strong></span> <span class='ocrx_word' id='word_1_156' title='bbox 1224 2565 1288 2629; x_wconf 92' lang='lat' dir='ltr'><strong>uim</strong></span> <span class='ocrx_word' id='word_1_157' title='bbox 1312 2565 1359 2631; x_wconf 91' lang='lat' dir='ltr'><strong>eis</strong></span> <span class='ocrx_word' id='word_1_158' title='bbox 1382 2564 1441 2631; x_wconf 93' lang='lat' dir='ltr'><strong>ali-</strong></span> 
     </span>
     <span class='ocr_line' id='line_1_20' title="bbox 208 2667 1441 2752; baseline 0.003 -20"><span class='ocrx_word' id='word_1_159' title='bbox 208 2667 361 2749; x_wconf 74' lang='lat' dir='ltr'><strong>mnibus,</strong></span> <span class='ocrx_word' id='word_1_160' title='bbox 394 2667 721 2750; x_wconf 69' lang='lat' dir='ltr'><strong>intercurrentibus,</strong></span> <span class='ocrx_word' id='word_1_161' title='bbox 756 2668 808 2734; x_wconf 91' lang='lat' dir='ltr'><strong>uel</strong></span> <span class='ocrx_word' id='word_1_162' title='bbox 838 2670 908 2750; x_wconf 86' lang='lat' dir='ltr'><strong>quis</strong></span> <span class='ocrx_word' id='word_1_163' title='bbox 931 2669 1058 2735; x_wconf 87' lang='lat' dir='ltr'><strong>tollerit.</strong></span> <span class='ocrx_word' id='word_1_164' title='bbox 1088 2669 1181 2736; x_wconf 85' lang='lat' dir='ltr'><strong>Etsi</strong></span> <span class='ocrx_word' id='word_1_165' title='bbox 1204 2670 1275 2752; x_wconf 90' lang='lat' dir='ltr'><strong>quis</strong></span> <span class='ocrx_word' id='word_1_166' title='bbox 1304 2669 1364 2736; x_wconf 90' lang='lat' dir='ltr'><strong>hoc</strong></span> <span class='ocrx_word' id='word_1_167' title='bbox 1385 2689 1441 2736; x_wconf 93' lang='lat' dir='ltr'><strong>no·</strong></span> 
     </span>
     <span class='ocr_line' id='line_1_21' title="bbox 207 2773 1441 2857; baseline 0.002 -21"><span class='ocrx_word' id='word_1_168' title='bbox 207 2789 308 2856; x_wconf 84' lang='lat' dir='ltr'><strong>usque</strong></span> <span class='ocrx_word' id='word_1_169' title='bbox 342 2773 384 2840; x_wconf 87' lang='lat' dir='ltr'><strong>ad</strong></span> <span class='ocrx_word' id='word_1_170' title='bbox 412 2773 588 2841; x_wconf 78' lang='lat' dir='ltr'><strong>tonnellam</strong></span> <span class='ocrx_word' id='word_1_171' title='bbox 619 2775 724 2853; x_wconf 85' lang='lat' dir='ltr'><strong>casei,</strong></span> <span class='ocrx_word' id='word_1_172' title='bbox 759 2791 809 2839; x_wconf 89' lang='lat' dir='ltr'><strong>ra·</strong></span> <span class='ocrx_word' id='word_1_173' title='bbox 839 2781 941 2838; x_wconf 85' lang='lat' dir='ltr'><strong>atrum</strong></span> <span class='ocrx_word' id='word_1_174' title='bbox 968 2774 1098 2857; x_wconf 85' lang='lat' dir='ltr'><strong>(actum)</strong></span> <span class='ocrx_word' id='word_1_175' title='bbox 1120 2793 1268 2856; x_wconf 85' lang='lat' dir='ltr'><strong>rumpere</strong></span> <span class='ocrx_word' id='word_1_176' title='bbox 1290 2775 1342 2840; x_wconf 90' lang='lat' dir='ltr'><strong>uel</strong></span> <span class='ocrx_word' id='word_1_177' title='bbox 1365 2793 1441 2840; x_wconf 91' lang='lat' dir='ltr'><strong>con-</strong></span> 
     </span>
     <span class='ocr_line' id='line_1_22' title="bbox 205 2877 1441 2964; baseline -0.002 -18"><span class='ocrx_word' id='word_1_178' title='bbox 205 2877 324 2960; x_wconf 89' lang='lat' dir='ltr'><strong>puerit:</strong></span> <span class='ocrx_word' id='word_1_179' title='bbox 341 2878 480 2946; x_wconf 86' lang='lat' dir='ltr'><strong>diuinam</strong></span> <span class='ocrx_word' id='word_1_180' title='bbox 491 2885 525 2946; x_wconf 92' lang='lat' dir='ltr'><strong>et</strong></span> <span class='ocrx_word' id='word_1_181' title='bbox 540 2883 721 2946; x_wconf 86' lang='lat' dir='ltr'><strong>sanctorum</strong></span> <span class='ocrx_word' id='word_1_182' title='bbox 737 2879 804 2945; x_wconf 90' lang='lat' dir='ltr'><strong>eius</strong></span> <span class='ocrx_word' id='word_1_183' title='bbox 835 2877 935 2946; x_wconf 90' lang='lat' dir='ltr'><strong>traire</strong></span> <span class='ocrx_word' id='word_1_184' title='bbox 962 2877 1117 2964; x_wconf 88' lang='lat' dir='ltr'><strong>uoluerit,</strong></span> <span class='ocrx_word' id='word_1_185' title='bbox 1150 2877 1292 2946; x_wconf 87' lang='lat' dir='ltr'><strong>deificam</strong></span> <span class='ocrx_word' id='word_1_186' title='bbox 1321 2878 1441 2946; x_wconf 87' lang='lat' dir='ltr'><strong>habeat</strong></span> 
     </span>
     <span class='ocr_line' id='line_1_23' title="bbox 209 2983 1441 3068; baseline -0.002 -16"><span class='ocrx_word' id='word_1_187' title='bbox 209 2989 242 3052; x_wconf 89' lang='lat' dir='ltr'><strong>at</strong></span> <span class='ocrx_word' id='word_1_188' title='bbox 263 2989 404 3052; x_wconf 88' lang='lat' dir='ltr'><strong>nostram</strong></span> <span class='ocrx_word' id='word_1_189' title='bbox 433 2985 587 3068; x_wconf 89' lang='lat' dir='ltr'><strong>percipiat</strong></span> <span class='ocrx_word' id='word_1_190' title='bbox 615 2983 808 3051; x_wconf 88' lang='lat' dir='ltr'><strong>maledictio·</strong></span> <span class='ocrx_word' id='word_1_191' title='bbox 838 2983 1093 3050; x_wconf 87' lang='lat' dir='ltr'><strong>malediccionem</strong></span> <span class='ocrx_word' id='word_1_192' title='bbox 1109 2991 1143 3052; x_wconf 90' lang='lat' dir='ltr'><strong>et</strong></span> <span class='ocrx_word' id='word_1_193' title='bbox 1157 2985 1297 3050; x_wconf 91' lang='lat' dir='ltr'><strong>incurrat</strong></span> <span class='ocrx_word' id='word_1_194' title='bbox 1318 2983 1364 3051; x_wconf 92' lang='lat' dir='ltr'><strong>eis</strong></span> <span class='ocrx_word' id='word_1_195' title='bbox 1386 3003 1441 3066; x_wconf 92' lang='lat' dir='ltr'><strong>pe·</strong></span> 
     </span>
     <span class='ocr_line' id='line_1_24' title="bbox 209 3088 1441 3175; baseline -0.001 -20"><span class='ocrx_word' id='word_1_196' title='bbox 209 3107 291 3175; x_wconf 87' lang='lat' dir='ltr'><strong>nem,</strong></span> <span class='ocrx_word' id='word_1_197' title='bbox 315 3097 348 3156; x_wconf 88' lang='lat' dir='ltr'><strong>et</strong></span> <span class='ocrx_word' id='word_1_198' title='bbox 370 3089 522 3157; x_wconf 87' lang='lat' dir='ltr'><strong>medietas</strong></span> <span class='ocrx_word' id='word_1_199' title='bbox 542 3090 654 3156; x_wconf 88' lang='lat' dir='ltr'><strong>domus</strong></span> <span class='ocrx_word' id='word_1_200' title='bbox 677 3107 734 3170; x_wconf 80' lang='lat' dir='ltr'><strong>sue</strong></span> <span class='ocrx_word' id='word_1_201' title='bbox 758 3107 808 3155; x_wconf 88' lang='lat' dir='ltr'><strong>ca·</strong></span> <span class='ocrx_word' id='word_1_202' title='bbox 839 3108 912 3156; x_wconf 90' lang='lat' dir='ltr'><strong>nam</strong></span> <span class='ocrx_word' id='word_1_203' title='bbox 934 3089 1087 3156; x_wconf 89' lang='lat' dir='ltr'><strong>medietas</strong></span> <span class='ocrx_word' id='word_1_204' title='bbox 1108 3088 1222 3155; x_wconf 89' lang='lat' dir='ltr'><strong>domus</strong></span> <span class='ocrx_word' id='word_1_205' title='bbox 1238 3107 1303 3156; x_wconf 90' lang='lat' dir='ltr'><strong>sue.</strong></span> <span class='ocrx_word' id='word_1_206' title='bbox 1327 3089 1441 3155; x_wconf 88' lang='lat' dir='ltr'><strong>Actum</strong></span> 
     </span>
     <span class='ocr_line' id='line_1_25' title="bbox 210 3193 1442 3279; baseline -0.002 -18"><span class='ocrx_word' id='word_1_207' title='bbox 210 3193 281 3262; x_wconf 80' lang='lat' dir='ltr'><strong>dat⁸</strong></span> <span class='ocrx_word' id='word_1_208' title='bbox 310 3195 343 3261; x_wconf 92' lang='lat' dir='ltr'><strong>in</strong></span> <span class='ocrx_word' id='word_1_209' title='bbox 371 3193 507 3279; x_wconf 88' lang='lat' dir='ltr'><strong>publico.</strong></span> <span class='ocrx_word' id='word_1_210' title='bbox 538 3195 608 3279; x_wconf 81' lang='lat' dir='ltr'><strong>Ego</strong></span> <span class='ocrx_word' id='word_1_211' title='bbox 637 3193 807 3275; x_wconf 76' lang='lat' dir='ltr'><strong>lohannes,</strong></span> <span class='ocrx_word' id='word_1_212' title='bbox 833 3200 891 3260; x_wconf 82' lang='lat' dir='ltr'><strong>ost</strong></span> <span class='ocrx_word' id='word_1_213' title='bbox 912 3193 1019 3260; x_wconf 89' lang='lat' dir='ltr'><strong>hocin</strong></span> <span class='ocrx_word' id='word_1_214' title='bbox 1040 3193 1091 3259; x_wconf 90' lang='lat' dir='ltr'><strong>die</strong></span> <span class='ocrx_word' id='word_1_215' title='bbox 1114 3194 1363 3261; x_wconf 85' lang='lat' dir='ltr'><strong>consecracionis</strong></span> <span class='ocrx_word' id='word_1_216' title='bbox 1384 3194 1442 3259; x_wconf 86' lang='lat' dir='ltr'><strong>ba-</strong></span> 
     </span>
     <span class='ocr_line' id='line_1_26' title="bbox 208 3297 1442 3385; baseline -0.002 -20"><span class='ocrx_word' id='word_1_217' title='bbox 208 3299 371 3385; x_wconf 85' lang='lat' dir='ltr'><strong>iudioator,</strong></span> <span class='ocrx_word' id='word_1_218' title='bbox 387 3299 484 3366; x_wconf 88' lang='lat' dir='ltr'><strong>laudo</strong></span> <span class='ocrx_word' id='word_1_219' title='bbox 496 3303 530 3367; x_wconf 88' lang='lat' dir='ltr'><strong>et</strong></span> <span class='ocrx_word' id='word_1_220' title='bbox 541 3297 700 3367; x_wconf 87' lang='lat' dir='ltr'><strong>confirmo.</strong></span> <span class='ocrx_word' id='word_1_221' title='bbox 715 3297 812 3384; x_wconf 82' lang='lat' dir='ltr'><strong>(Ego)</strong></span> <span class='ocrx_word' id='word_1_222' title='bbox 843 3299 930 3366; x_wconf 88' lang='lat' dir='ltr'><strong>silice</strong></span> <span class='ocrx_word' id='word_1_223' title='bbox 952 3305 1062 3366; x_wconf 87' lang='lat' dir='ltr'><strong>sancte</strong></span> <span class='ocrx_word' id='word_1_224' title='bbox 1077 3297 1178 3366; x_wconf 82' lang='lat' dir='ltr'><strong>llario</strong></span> <span class='ocrx_word' id='word_1_225' title='bbox 1193 3305 1267 3366; x_wconf 91' lang='lat' dir='ltr'><strong>ante</strong></span> <span class='ocrx_word' id='word_1_226' title='bbox 1281 3298 1442 3365; x_wconf 88' lang='lat' dir='ltr'><strong>Andream</strong></span> 
     </span>
     <span class='ocr_line' id='line_1_27' title="bbox 211 3402 1441 3492; baseline -0.001 -20"><span class='ocrx_word' id='word_1_227' title='bbox 211 3403 371 3473; x_wconf 87' lang='lat' dir='ltr'><strong>Candidus</strong></span> <span class='ocrx_word' id='word_1_228' title='bbox 393 3405 488 3472; x_wconf 88' lang='lat' dir='ltr'><strong>laudo</strong></span> <span class='ocrx_word' id='word_1_229' title='bbox 512 3409 545 3472; x_wconf 89' lang='lat' dir='ltr'><strong>et</strong></span> <span class='ocrx_word' id='word_1_230' title='bbox 566 3402 725 3473; x_wconf 84' lang='lat' dir='ltr'><strong>confirmo.</strong></span> <span class='ocrx_word' id='word_1_231' title='bbox 840 3411 982 3471; x_wconf 90' lang='lat' dir='ltr'><strong>nostrum</strong></span> <span class='ocrx_word' id='word_1_232' title='bbox 995 3402 1441 3492; x_wconf 87' lang='lat' dir='ltr'><strong>episcopumet(corern)eius</strong></span> 
     </span>
     <span class='ocr_line' id='line_1_28' title="bbox 840 3507 1444 3577; baseline 0.002 -2"><span class='ocrx_word' id='word_1_233' title='bbox 840 3509 925 3575; x_wconf 87' lang='lat' dir='ltr'><strong>clero</strong></span> <span class='ocrx_word' id='word_1_234' title='bbox 949 3514 982 3576; x_wconf 91' lang='lat' dir='ltr'><strong>et</strong></span> <span class='ocrx_word' id='word_1_235' title='bbox 998 3507 1105 3575; x_wconf 83' lang='lat' dir='ltr'><strong>Medio</strong></span> <span class='ocrx_word' id='word_1_236' title='bbox 1120 3509 1253 3575; x_wconf 76' lang='lat' dir='ltr'><strong>abbate⁴</strong></span> <span class='ocrx_word' id='word_1_237' title='bbox 1268 3514 1302 3575; x_wconf 90' lang='lat' dir='ltr'><strong>et</strong></span> <span class='ocrx_word' id='word_1_238' title='bbox 1315 3507 1444 3577; x_wconf 89' lang='lat' dir='ltr'><strong>Ursone</strong></span> 
     </span>
     <span class='ocr_line' id='line_1_29' title="bbox 841 3612 985 3704; baseline 0.007 -25"><span class='ocrx_word' id='word_1_239' title='bbox 841 3612 985 3704; x_wconf 64' lang='lat' dir='ltr'><strong>abbate.⁵</strong></span> 
     </span>
    </p>
   </div>
   <div class='ocr_carea' id='block_1_8' title="bbox 253 3737 1443 4778">
    <p class='ocr_par' dir='ltr' id='par_1_8' title="bbox 253 3737 1441 3890">
     <span class='ocr_line' id='line_1_30' title="bbox 294 3737 1441 3817; baseline -0.001 -17"><span class='ocrx_word' id='word_1_240' title='bbox 294 3740 462 3817; x_wconf 75' lang='lat' dir='ltr'><strong>Regianum</strong></span> <span class='ocrx_word' id='word_1_241' title='bbox 485 3739 605 3803; x_wconf 87' lang='lat' dir='ltr'><strong>membr.</strong></span> <span class='ocrx_word' id='word_1_242' title='bbox 630 3740 659 3800; x_wconf 90' lang='lat' dir='ltr'><strong>in</strong></span> <span class='ocrx_word' id='word_1_243' title='bbox 682 3737 803 3799; x_wconf 88' lang='lat' dir='ltr'><strong>archivo</strong></span> <span class='ocrx_word' id='word_1_244' title='bbox 824 3737 992 3799; x_wconf 83' lang='lat' dir='ltr'><strong>monialium</strong></span> <span class='ocrx_word' id='word_1_245' title='bbox 1014 3757 1038 3801; x_wconf 89' lang='lat' dir='ltr'><strong>s.</strong></span> <span class='ocrx_word' id='word_1_246' title='bbox 1062 3739 1173 3800; x_wconf 84' lang='lat' dir='ltr'><strong>llariao</strong></span> <span class='ocrx_word' id='word_1_247' title='bbox 1191 3738 1318 3800; x_wconf 78' lang='lat' dir='ltr'><strong>iaderae</strong></span> <span class='ocrx_word' id='word_1_248' title='bbox 1333 3737 1383 3802; x_wconf 82' lang='lat' dir='ltr'><strong>iol.</strong></span> <span class='ocrx_word' id='word_1_249' title='bbox 1403 3742 1441 3800; x_wconf 82' lang='lat'><strong>14</strong></span> 
     </span>
     <span class='ocr_line' id='line_1_31' title="bbox 253 3829 325 3890; baseline 0.014 -2"><span class='ocrx_word' id='word_1_250' title='bbox 253 3845 280 3889; x_wconf 84' lang='lat' dir='ltr'><strong>a.</strong></span> <span class='ocrx_word' id='word_1_251' title='bbox 295 3829 325 3890; x_wconf 90' lang='lat' dir='ltr'><strong>b.</strong></span> 
     </span>
    </p>

    <p class='ocr_par' dir='ltr' id='par_1_9' title="bbox 253 3911 1443 4778">
     <span class='ocr_line' id='line_1_32' title="bbox 295 3911 1443 3990; baseline -0.001 -15"><span class='ocrx_word' id='word_1_252' title='bbox 295 3915 404 3976; x_wconf 83' lang='lat' dir='ltr'><strong>Lucina</strong></span> <span class='ocrx_word' id='word_1_253' title='bbox 415 3931 452 3974; x_wconf 85' lang='lat' dir='ltr'><strong>ex</strong></span> <span class='ocrx_word' id='word_1_254' title='bbox 463 3915 583 3989; x_wconf 90' lang='lat' dir='ltr'><strong>antiqno</strong></span> <span class='ocrx_word' id='word_1_255' title='bbox 598 3913 724 3990; x_wconf 76' lang='lat' dir='ltr'><strong>registro</strong></span> <span class='ocrx_word' id='word_1_256' title='bbox 734 3913 954 3990; x_wconf 86' lang='lat' dir='ltr'><strong>privilegiorum</strong></span> <span class='ocrx_word' id='word_1_257' title='bbox 966 3911 1094 3974; x_wconf 86' lang='lat' dir='ltr'><strong>eiusdem</strong></span> <span class='ocrx_word' id='word_1_258' title='bbox 1109 3913 1292 3974; x_wconf 87' lang='lat' dir='ltr'><strong>monasterii:</strong></span> <span class='ocrx_word' id='word_1_259' title='bbox 1306 3912 1343 3974; x_wconf 89' lang='lat' dir='ltr'><strong>de</strong></span> <span class='ocrx_word' id='word_1_260' title='bbox 1356 3929 1443 3989; x_wconf 84' lang='lat' dir='ltr'><strong>regn.</strong></span> 
     </span>
     <span class='ocr_line' id='line_1_33' title="bbox 253 3999 1443 4080; baseline -0.001 -19"><span class='ocrx_word' id='word_1_261' title='bbox 253 4002 350 4062; x_wconf 87' lang='lat' dir='ltr'><strong>Dalm.</strong></span> <span class='ocrx_word' id='word_1_262' title='bbox 367 4006 397 4062; x_wconf 91' lang='lat' dir='ltr'><strong>et</strong></span> <span class='ocrx_word' id='word_1_263' title='bbox 412 4000 511 4062; x_wconf 82' lang='lat' dir='ltr'><strong>Oroat.</strong></span> <span class='ocrx_word' id='word_1_264' title='bbox 529 4001 580 4061; x_wconf 86' lang='lat' dir='ltr'><strong>lib.</strong></span> <span class='ocrx_word' id='word_1_265' title='bbox 596 4001 635 4080; x_wconf 88' lang='lat'><strong>11,</strong></span> <span class='ocrx_word' id='word_1_266' title='bbox 652 4019 677 4062; x_wconf 94' lang='lat' dir='ltr'><strong>c.</strong></span> <span class='ocrx_word' id='word_1_267' title='bbox 699 4003 748 4062; x_wconf 89' lang='grc'><strong>16.</strong></span> <span class='ocrx_word' id='word_1_268' title='bbox 765 4017 794 4076; x_wconf 90' lang='lat' dir='ltr'><strong>p.</strong></span> <span class='ocrx_word' id='word_1_269' title='bbox 814 4003 884 4061; x_wconf 84' lang='lat'>102.</span> <span class='ocrx_word' id='word_1_270' title='bbox 909 4001 1019 4060; x_wconf 80' lang='lat' dir='ltr'><strong>Farlati</strong></span> <span class='ocrx_word' id='word_1_271' title='bbox 1036 3999 1072 4078; x_wconf 83' lang='lat' dir='ltr'><strong>V,</strong></span> <span class='ocrx_word' id='word_1_272' title='bbox 1096 4002 1148 4060; x_wconf 87' lang='grc'><strong>49.</strong></span> <span class='ocrx_word' id='word_1_273' title='bbox 1172 3999 1244 4060; x_wconf 82' lang='lat' dir='ltr'><strong>Cod.</strong></span> <span class='ocrx_word' id='word_1_274' title='bbox 1268 3999 1339 4077; x_wconf 84' lang='lat' dir='ltr'><strong>dipl.</strong></span> <span class='ocrx_word' id='word_1_275' title='bbox 1358 3999 1443 4061; x_wconf 80' lang='lat' dir='ltr'>CSD.</span> 
     </span>
     <span class='ocr_line' id='line_1_34' title="bbox 253 4089 1443 4255; baseline -0.003 -18"><span class='ocrx_word' id='word_1_276' title='bbox 253 4089 277 4168; x_wconf 44' lang='grc' dir='ltr'><strong>Ι,</strong></span> <span class='ocrx_word' id='word_1_277' title='bbox 296 4177 462 4252; x_wconf 89' lang='lat' dir='ltr'><strong>Utrumque</strong></span> <span class='ocrx_word' id='word_1_278' title='bbox 485 4176 638 4250; x_wconf 86' lang='lat' dir='ltr'><strong>exemplar</strong></span> <span class='ocrx_word' id='word_1_279' title='bbox 659 4175 827 4251; x_wconf 84' lang='lat' dir='ltr'><strong>diplomatis</strong></span> <span class='ocrx_word' id='word_1_280' title='bbox 841 4173 872 4233; x_wconf 93' lang='lat' dir='ltr'><strong>in</strong></span> <span class='ocrx_word' id='word_1_281' title='bbox 886 4191 919 4234; x_wconf 89' lang='lat' dir='ltr'><strong>re</strong></span> <span class='ocrx_word' id='word_1_282' title='bbox 934 4176 1086 4255; x_wconf 82' lang='lat' dir='ltr'><strong>couvenit3</strong></span> <span class='ocrx_word' id='word_1_283' title='bbox 1109 4173 1161 4234; x_wconf 86' lang='lat' dir='ltr'><strong>sed</strong></span> <span class='ocrx_word' id='word_1_284' title='bbox 1177 4174 1301 4234; x_wconf 87' lang='lat' dir='ltr'><strong>alterum</strong></span> <span class='ocrx_word' id='word_1_285' title='bbox 1318 4171 1443 4254; x_wconf 84' lang='lat' dir='ltr'><strong>(sabb.)</strong></span> 
     </span>
     <span class='ocr_line' id='line_1_35' title="bbox 255 4261 1441 4340; baseline -0.002 -17"><span class='ocrx_word' id='word_1_286' title='bbox 255 4263 387 4324; x_wconf 83' lang='lat' dir='ltr'><strong>vitiatum</strong></span> <span class='ocrx_word' id='word_1_287' title='bbox 411 4279 477 4323; x_wconf 86' lang='lat' dir='ltr'><strong>esse</strong></span> <span class='ocrx_word' id='word_1_288' title='bbox 491 4263 539 4323; x_wconf 84' lang='lat' dir='ltr'><strong>vel</strong></span> <span class='ocrx_word' id='word_1_289' title='bbox 555 4265 620 4338; x_wconf 85' lang='lat' dir='ltr'><strong>ipsa</strong></span> <span class='ocrx_word' id='word_1_290' title='bbox 642 4261 760 4322; x_wconf 85' lang='lat' dir='ltr'><strong>collatio</strong></span> <span class='ocrx_word' id='word_1_291' title='bbox 778 4261 890 4322; x_wconf 86' lang='lat' dir='ltr'><strong>edocet.</strong></span> <span class='ocrx_word' id='word_1_292' title='bbox 914 4261 993 4321; x_wconf 84' lang='lat' dir='ltr'><strong>Nota</strong></span> <span class='ocrx_word' id='word_1_293' title='bbox 1016 4261 1240 4340; x_wconf 84' lang='lat' dir='ltr'><strong>chronologica,</strong></span> <span class='ocrx_word' id='word_1_294' title='bbox 1263 4277 1340 4337; x_wconf 88' lang='lat' dir='ltr'><strong>qnae</strong></span> <span class='ocrx_word' id='word_1_295' title='bbox 1359 4261 1441 4321; x_wconf 91' lang='lat' dir='ltr'><strong>initio</strong></span> 
     </span>
     <span class='ocr_line' id='line_1_36' title="bbox 253 4348 1441 4429; baseline -0.002 -18"><span class='ocrx_word' id='word_1_296' title='bbox 253 4351 431 4427; x_wconf 84' lang='lat' dir='ltr'><strong>exemplaris</strong></span> <span class='ocrx_word' id='word_1_297' title='bbox 447 4367 474 4410; x_wconf 87' lang='lat' dir='ltr'><strong>a.</strong></span> <span class='ocrx_word' id='word_1_298' title='bbox 490 4348 654 4428; x_wconf 84' lang='lat' dir='ltr'><strong>adducitur,</strong></span> <span class='ocrx_word' id='word_1_299' title='bbox 671 4367 730 4409; x_wconf 91' lang='lat' dir='ltr'><strong>non</strong></span> <span class='ocrx_word' id='word_1_300' title='bbox 745 4348 905 4409; x_wconf 88' lang='lat' dir='ltr'><strong>concordat</strong></span> <span class='ocrx_word' id='word_1_301' title='bbox 919 4365 985 4408; x_wconf 91' lang='lat' dir='ltr'><strong>cum</strong></span> <span class='ocrx_word' id='word_1_302' title='bbox 999 4353 1142 4429; x_wconf 81' lang='lat' dir='ltr'><strong>tempore,</strong></span> <span class='ocrx_word' id='word_1_303' title='bbox 1154 4366 1213 4424; x_wconf 91' lang='lat' dir='ltr'><strong>quo</strong></span> <span class='ocrx_word' id='word_1_304' title='bbox 1230 4365 1374 4425; x_wconf 87' lang='lat' dir='ltr'><strong>personae</strong></span> <span class='ocrx_word' id='word_1_305' title='bbox 1390 4348 1441 4409; x_wconf 89' lang='lat' dir='ltr'><strong>do-</strong></span> 
     </span>
     <span class='ocr_line' id='line_1_37' title="bbox 256 4434 1442 4513; baseline -0.003 -15"><span class='ocrx_word' id='word_1_306' title='bbox 256 4439 383 4498; x_wconf 86' lang='lat' dir='ltr'><strong>cumenti</strong></span> <span class='ocrx_word' id='word_1_307' title='bbox 403 4455 465 4500; x_wconf 88' lang='lat' dir='ltr'><strong>rem</strong></span> <span class='ocrx_word' id='word_1_308' title='bbox 487 4437 635 4513; x_wconf 88' lang='lat' dir='ltr'><strong>publicam</strong></span> <span class='ocrx_word' id='word_1_309' title='bbox 657 4441 806 4498; x_wconf 87' lang='lat' dir='ltr'><strong>curarunt.</strong></span> <span class='ocrx_word' id='word_1_310' title='bbox 829 4435 894 4495; x_wconf 90' lang='lat' dir='ltr'><strong>Hoc</strong></span> <span class='ocrx_word' id='word_1_311' title='bbox 916 4435 1026 4513; x_wconf 89' lang='lat' dir='ltr'><strong>quippo</strong></span> <span class='ocrx_word' id='word_1_312' title='bbox 1048 4437 1199 4512; x_wconf 86' lang='lat' dir='ltr'><strong>exemplar</strong></span> <span class='ocrx_word' id='word_1_313' title='bbox 1214 4436 1244 4494; x_wconf 90' lang='lat' dir='ltr'><strong>in</strong></span> <span class='ocrx_word' id='word_1_314' title='bbox 1259 4434 1385 4512; x_wconf 82' lang='lat' dir='ltr'><strong>registro</strong></span> <span class='ocrx_word' id='word_1_315' title='bbox 1400 4434 1442 4494; x_wconf 90' lang='lat' dir='ltr'><strong>ita</strong></span> 
     </span>
     <span class='ocr_line' id='line_1_38' title="bbox 255 4515 1440 4608; baseline -0.003 -24"><span class='ocrx_word' id='word_1_316' title='bbox 255 4526 373 4602; x_wconf 84' lang='lat' dir='ltr'><strong>incipit:</strong></span> <span class='ocrx_word' id='word_1_317' title='bbox 398 4523 503 4608; x_wconf 76' lang='lat' dir='ltr'><strong>„Anno</strong></span> <span class='ocrx_word' id='word_1_318' title='bbox 526 4524 612 4585; x_wconf 87' lang='lat' dir='ltr'><strong>diliee</strong></span> <span class='ocrx_word' id='word_1_319' title='bbox 635 4523 846 4583; x_wconf 87' lang='lat' dir='ltr'><strong>incarnacionis</strong></span> <span class='ocrx_word' id='word_1_320' title='bbox 867 4523 938 4583; x_wconf 86' lang='lat' dir='ltr'><strong>mill.</strong></span> <span class='ocrx_word' id='word_1_321' title='bbox 962 4523 1082 4599; x_wconf 85' lang='lat' dir='ltr'>LXXII,</span> <span class='ocrx_word' id='word_1_322' title='bbox 1103 4522 1189 4584; x_wconf 90' lang='lat' dir='ltr'><strong>indic.</strong></span> <span class='ocrx_word' id='word_1_323' title='bbox 1206 4515 1294 4584; x_wconf 81' lang='lat' dir='ltr'>v11“.</span> <span class='ocrx_word' id='word_1_324' title='bbox 1317 4516 1382 4583; x_wconf 86' lang='lat' dir='ltr'><strong>Nec</strong></span> <span class='ocrx_word' id='word_1_325' title='bbox 1396 4519 1440 4583; x_wconf 89' lang='lat' dir='ltr'><strong>in·</strong></span> 
     </span>
     <span class='ocr_line' id='line_1_39' title="bbox 255 4609 1440 4690; baseline -0.003 -18"><span class='ocrx_word' id='word_1_326' title='bbox 255 4612 345 4672; x_wconf 84' lang='lat' dir='ltr'><strong>dictio</strong></span> <span class='ocrx_word' id='word_1_327' title='bbox 361 4611 498 4672; x_wconf 86' lang='lat' dir='ltr'><strong>convenit</strong></span> <span class='ocrx_word' id='word_1_328' title='bbox 511 4629 577 4684; x_wconf 88' lang='lat' dir='ltr'><strong>cum</strong></span> <span class='ocrx_word' id='word_1_329' title='bbox 593 4627 679 4684; x_wconf 87' lang='lat' dir='ltr'><strong>anno,</strong></span> <span class='ocrx_word' id='word_1_330' title='bbox 694 4628 749 4671; x_wconf 91' lang='lat' dir='ltr'><strong>nec</strong></span> <span class='ocrx_word' id='word_1_331' title='bbox 765 4609 909 4689; x_wconf 87' lang='lat' dir='ltr'><strong>diploma,</strong></span> <span class='ocrx_word' id='word_1_332' title='bbox 932 4611 957 4670; x_wconf 91' lang='lat' dir='ltr'><strong>si</strong></span> <span class='ocrx_word' id='word_1_333' title='bbox 973 4609 1171 4671; x_wconf 87' lang='lat' dir='ltr'><strong>authenticum</strong></span> <span class='ocrx_word' id='word_1_334' title='bbox 1186 4615 1240 4690; x_wconf 84' lang='lat' dir='ltr'><strong>est,</strong></span> <span class='ocrx_word' id='word_1_335' title='bbox 1263 4627 1340 4669; x_wconf 85' lang='lat' dir='ltr'><strong>anno</strong></span> <span class='ocrx_word' id='word_1_336' title='bbox 1359 4610 1440 4669; x_wconf 79' lang='lat'>1072</span> 
     </span>
     <span class='ocr_line' id='line_1_40' title="bbox 255 4695 1442 4778; baseline -0.004 -18"><span class='ocrx_word' id='word_1_337' title='bbox 255 4699 303 4760; x_wconf 86' lang='lat' dir='ltr'><strong>cdi</strong></span> <span class='ocrx_word' id='word_1_338' title='bbox 318 4700 413 4776; x_wconf 90' lang='lat' dir='ltr'><strong>potuit</strong></span> <span class='ocrx_word' id='word_1_339' title='bbox 429 4700 476 4762; x_wconf 87' lang='lat' dir='ltr'><strong>vel</strong></span> <span class='ocrx_word' id='word_1_340' title='bbox 492 4698 568 4778; x_wconf 89' lang='lat' dir='ltr'><strong>ideo,</strong></span> <span class='ocrx_word' id='word_1_341' title='bbox 585 4699 655 4774; x_wconf 86' lang='lat' dir='ltr'><strong>quia</strong></span> <span class='ocrx_word' id='word_1_342' title='bbox 681 4697 737 4758; x_wconf 91' lang='lat' dir='ltr'><strong>boc</strong></span> <span class='ocrx_word' id='word_1_343' title='bbox 751 4701 883 4776; x_wconf 88' lang='lat' dir='ltr'><strong>tompore</strong></span> <span class='ocrx_word' id='word_1_344' title='bbox 899 4715 956 4758; x_wconf 91' lang='lat' dir='ltr'><strong>non</strong></span> <span class='ocrx_word' id='word_1_345' title='bbox 971 4697 1106 4759; x_wconf 78' lang='lat' dir='ltr'><strong>Andreas</strong></span> <span class='ocrx_word' id='word_1_346' title='bbox 1121 4697 1174 4759; x_wconf 88' lang='lat' dir='ltr'><strong>sed</strong></span> <span class='ocrx_word' id='word_1_347' title='bbox 1193 4696 1368 4775; x_wconf 82' lang='lat' dir='ltr'><strong>Stephanus,</strong></span> <span class='ocrx_word' id='word_1_348' title='bbox 1392 4695 1442 4772; x_wconf 88' lang='lat' dir='ltr'><strong>qui</strong></span> 
     </span>
    </p>
   </div>
   <div class='ocr_carea' id='block_1_9' title="bbox 0 0 1752 5410">
    <p class='ocr_par' dir='ltr' id='par_1_10' title="bbox 0 0 1752 5410">
     <span class='ocr_line' id='line_1_41' title="bbox 0 0 1752 5410; baseline 0 0"><span class='ocrx_word' id='word_1_349' title='bbox 0 0 1752 5410; x_wconf 95' lang='lat' dir='ltr'><strong> </strong></span> 
     </span>
    </p>
   </div>
  </div>
 </body>
</html>
