3494 5410
5 4661 8 4702 ἱ

1378 371 1436 434 121

206 575 630 660 sommamermooqusno,
643 575 809 644 ebemolto
839 573 923 658 qnod
934 573 1033 642 multo
1042 579 1134 640 entes
1142 591 1238 657 egere
1249 574 1437 641 debueram:

205 679 533 768 primodovevoiere:
547 679 809 763 dispongoprimo
838 679 971 762 dispono
994 677 1128 760 primurn
1150 681 1184 744 et
1204 677 1315 744 ordino
1336 679 1440 744 resin

205 786 463 854 diordinsrenel
477 785 648 854 cenobiodi
664 803 720 850 sen
738 781 808 850 Ste·
837 785 869 848 in
899 782 1028 850 oenobio
1060 783 1159 848 seneli
1190 781 1360 865 Stephani,
1392 784 1440 848 oni

205 890 293 977 inno,
315 890 366 959 nel
388 889 481 972 quele
497 889 538 954 rni
554 896 643 955 trovo
659 889 809 972 indegnn-
840 888 986 970 indignus
1009 887 1187 970 adscriptus
1210 888 1362 966 inueniet,
1389 907 1438 956 se·

207 1002 315 1063 mente
335 995 479 1060 inseritto
502 993 637 1060 secondo
661 995 693 1059 le
718 993 810 1077 legge
838 993 974 1060 eundum
1001 991 1102 1076 legem
1131 993 1268 1058 diuinam
1292 999 1325 1060 et
1347 1011 1439 1076 regn·

205 1099 315 1166 (lirino
329 1105 363 1167 et
376 1099 486 1182 regola
500 1097 533 1164 di
548 1116 605 1164 sen
620 1095 806 1179 Benedetto‚
838 1098 899 1163 lom
915 1099 1015 1163 saneti
1030 1096 1202 1174 Benedicti,
1226 1101 1321 1178 atque
1344 1096 1437 1162 relin-
1494 1108 1500 1122 ·

205 1211 240 1271 et
261 1203 394 1270 lesoinre
416 1203 447 1269 le
470 1220 544 1270 rose
564 1207 674 1270 nostre
689 1207 807 1268 tnttee
837 1219 899 1284 qno
925 1221 976 1268 res
1007 1207 1133 1268 nostros
1165 1219 1272 1268 omnes
1302 1206 1336 1267 et
1357 1201 1437 1281 illos,

205 1309 311 1392 quelle
342 1307 400 1373 obe
430 1325 550 1391 peroro
580 1313 704 1385 nostre,
740 1307 810 1372 anni
839 1325 902 1388 qne
931 1311 1038 1372 nostre
1068 1324 1138 1372 osse
1168 1305 1331 1386 uidentur,
1362 1305 1438 1372 item

204 1411 447 1480 recoomendele
471 1431 490 1478 o
511 1413 572 1490 noi,
596 1417 630 1477 et
649 1409 761 1477 iurono
777 1410 809 1476 di
839 1430 901 1493 que
921 1410 1012 1477 nobis
1039 1409 1254 1476 commendate
1276 1417 1383 1490 erent,
1407 1417 1440 1476 et

204 1518 309 1584 nostri
325 1516 530 1598 antepasseti,
547 1515 649 1599 prime
664 1517 696 1581 di
711 1515 809 1582 Peolo
839 1514 1153 1582 fuerentnostrorum
1161 1515 1324 1593 meierum,
1338 1515 1438 1597 primo

204 1621 406 1688 erebresmvo
434 1627 468 1686 et
493 1620 525 1685 di
555 1619 661 1686 donne
693 1619 810 1698 Debre,
842 1621 968 1704 quidem
990 1619 1082 1686 Pauli
1103 1617 1341 1704 archiepiscopi,
1365 1619 1441 1686 item

204 1726 274 1792 mio
294 1724 404 1790 madre
420 1724 577 1804 edottire3
601 1730 635 1790 et
656 1725 687 1788 le
706 1724 813 1790 chiese
841 1727 954 1792 domne
976 1724 1092 1804 Debre,
1113 1723 1223 1789 metris
1246 1741 1316 1790 mee
1343 1723 1440 1804 odop-

204 1831 240 1896 di
264 1835 355 1896 sente
384 1827 486 1894 Meris
514 1836 607 1911 poste
635 1828 667 1894 in
690 1828 809 1896 Peludo
839 1831 921 1909 tine3
943 1834 1039 1912 etqne
1055 1827 1220 1894 ecelesiam
1239 1831 1347 1894 senote
1370 1825 1439 1892 Ms-

203 1933 466 2000 contuttelssue
480 1923 661 2016 appendioi3
680 1937 808 2000 ettntte
838 1935 884 1999 rie
906 1935 998 1999 sitnm
1020 1933 1053 1998 in
1067 1931 1187 2000 Pelndo
1207 1949 1277 1998 oum
1293 1931 1438 1999 omnibus

204 2039 238 2106 le
261 2056 334 2104 oose
350 2037 408 2105 ohe
421 2055 541 2121 perenn
556 2045 665 2105 nostre
679 2045 714 2104 et
726 2043 811 2106 tutte
840 2037 1041 2121 pertinenciis
1063 2039 1148 2115 suis;
1179 2043 1212 2104 et
1233 2053 1342 2103 omnes
1375 2053 1439 2120 res,

204 2144 239 2210 le
254 2159 327 2210 oose
342 2162 362 2208 s
376 2144 429 2208 noi
450 2143 631 2224 pertinenti,
655 2141 764 2210 mobili
779 2147 812 2210 et
841 2161 902 2226 qno
923 2147 1032 2209 nostre
1061 2141 1209 2208 uidentur
1239 2159 1311 2208 osse
1331 2146 1441 2222 etque

205 2246 327 2326 stebili,
349 2245 380 2314 le
402 2246 487 2330 quali
509 2251 592 2314 tutte
619 2246 757 2314 oonoedo
779 2248 811 2313 in
843 2246 884 2312 ed
906 2265 963 2314 nos
985 2246 1161 2330 pertinent,
1191 2245 1324 2312 mobiles
1343 2247 1439 2327 etque

212 2355 373 2435 perpetuo
395 2369 416 2417 e
437 2349 525 2417 detto
547 2350 748 2430 monasterio,
779 2351 821 2418 do
849 2350 1041 2430 immobilem
1063 2367 1125 2432 que
1146 2349 1251 2418 omnio
1272 2348 1356 2415 dieto
1377 2367 1444 2416 mo-

205 2455 307 2522 dorer
322 2453 363 2519 do
373 2452 478 2537 quello
491 2471 579 2520 esser
593 2453 721 2536 herote,
736 2471 808 2535 pos·
839 2455 978 2522 nestorio
1000 2453 1137 2520 concedo
1160 2463 1314 2536 perpetuo
1330 2452 1370 2519 sb
1386 2451 1440 2518 illo

205 2559 323 2625 sedule
339 2564 372 2625 et
389 2563 577 2640 permutato.
601 2557 644 2622 Et
656 2577 690 2624 se
703 2557 812 2624 elouno
843 2557 997 2639 bebende,
1020 2554 1212 2641 possidendo
1234 2561 1291 2622 eut
1314 2574 1439 2638 permu-

205 2662 241 2730 ‹li
264 2661 363 2728 nostri
386 2661 509 2744 parenti
531 2679 589 2744 per
614 2663 722 2728 istinto
745 2662 811 2729 dis·
840 2661 946 2728 tende
982 2661 1015 2728 Si
1049 2662 1119 2742 qnis
1153 2679 1228 2728 uero
1262 2667 1440 2726 nostrorum

204 2767 311 2833 bolioo
334 2765 441 2832 ordire
463 2764 679 2832 onntrsiaren
700 2771 812 2848 queste
841 2767 1145 2849 mosenguireorum
1167 2765 1317 2831 instincto
1333 2764 1440 2832 diebo-

202 2877 319 2938 nostre
344 2869 529 2948 donatione,
555 2869 659 2936 peschi
682 2870 813 2936 nell'ire
840 2869 1442 2938 licohuiedoneoioninostreoontreire

204 2973 241 3042 di
264 2973 316 3041 dio
338 2975 422 3040 trino
444 2979 479 3040 et
501 2992 573 3053 uno,
596 2981 630 3041 et
650 2973 809 3040 nelleme·
839 2975 1060 3056 temptauerit,
1092 2975 1171 3039 irem
1193 2975 1269 3039 trini
1292 2972 1439 3039 etunius

202 3079 359 3146 inditione
382 3078 433 3145 dei
456 3102 594 3146 oooxrnr
607 3080 689 3144 santi
705 3078 806 3160 padri.
837 3078 1195 3146 deietmslediooionem
1208 3101 1344 3144 oooxvm
1352 3095 1441 3144 senc·

203 3183 335 3250 Furono
365 3181 445 3250 fatte
474 3185 506 3248 le
534 3183 717 3266 soprndette
740 3201 812 3250 oose
840 3189 944 3250 torum
959 3189 1084 3266 petrum
1099 3179 1330 3250 ineurreffleo
1345 3201 1441 3265 supro

204 3287 273 3354 alle
287 3305 440 3370 presenna
455 3288 486 3353 di
502 3289 606 3369 questi
618 3288 808 3354 testimonii:
840 3289 924 3354 diota
939 3293 1011 3354 ecte
1025 3292 1098 3354 sunt
1109 3288 1141 3352 in
1152 3288 1316 3369 presencie
1330 3287 1442 3354 horum

207 3390 264 3460 del
274 3390 453 3460 venerabile
463 3391 604 3458 Lorenzo
613 3393 811 3459 eroireseovo
841 3393 982 3460 testium:
1006 3391 1173 3458 Laurenoii
1186 3391 1377 3459 uenerabilis
1392 3409 1442 3458 er·

202 3501 243 3564 et
265 3495 417 3579 Gregorio
439 3513 585 3579 resooro,
616 3497 678 3563 don
707 3495 810 3563 Bene·
841 3497 1032 3580 ebiepiseopi
1056 3501 1088 3562 et
1115 3495 1261 3578 Gregorii
1291 3496 1441 3579 episcopi,

204 3601 299 3669 detto
322 3600 448 3680 abbam,
471 3600 581 3668 Pietro
604 3601 810 3680 eroidieoono,
842 3602 949 3669 domni
979 3599 1142 3667 Benedicti
1176 3599 1318 3682 ebbotis,
1353 3599 1441 3665 Petri

204 3705 271 3773 don
295 3703 420 3772 Ursone
442 3704 566 3786 abbate,
597 3705 717 3788 (Pietro
740 3724 810 3789 pre·
841 3705 1060 3786 archidiaconi,
1077 3705 1181 3771 domni
1196 3703 1329 3771 Ursonis
1342 3704 1438 3770 ebbe·

202 3809 342 3894 sbitero)
359 3815 393 3876 et
407 3810 576 3885 cordionis,
589 3809 641 3876 del
656 3809 760 3893 priore
777 3809 809 3876 di
837 3812 888 3892 tis,
905 3811 1004 3892 (Petri
1020 3807 1201 3895 presbiteri)
1217 3814 1250 3876 ot
1264 3807 1440 3890 cardinalis,

202 3913 295 3982 ‘l'mb
325 3913 491 3998 (Vitsle),¹
522 3913 675 3981 Giovenni
706 3914 809 3998 ospel-
839 3914 981 3998 (Vitnlis)
1005 3915 1118 3997 prioris
1147 3913 1362 3998 traguriensis,
1385 3911 1441 3980 Jo-

204 4019 293 4102 leno,
315 4018 379 4087 don
399 4018 508 4086 Pietro
521 4017 609 4098 Belo,
634 4017 809 4102 presbitero
838 4017 950 4086 hannis
961 4019 1121 4102 capellani,
1135 4017 1241 4086 domni
1252 4018 1340 4084 Petri
1350 4015 1440 4097 Belo,

203 4124 374 4203 Giorenni,
398 4125 460 4190 don
482 4123 591 4191 Pietro
614 4123 742 4190 deceno.
839 4122 1006 4207 presbiteri
1028 4121 1192 4207 lobannis,
1227 4119 1333 4190 domni
1354 4122 1441 4188 Petri

253 4227 297 4293 Et
311 4227 341 4294 io
357 4225 523 4296 Theodoro
536 4234 626 4312 prete
641 4227 683 4295 ho
699 4226 809 4294 scritto
840 4227 960 4295 deceni.

204 4339 241 4400 et
265 4331 310 4398 ini
332 4333 520 4400 testimonio.
884 4331 929 4396 Et
965 4348 1024 4416 ego
1062 4328 1249 4398 Theodorus
1285 4329 1442 4413 presbiter

840 4435 952 4517 scripsi
973 4440 1007 4500 et
1027 4434 1118 4500 testis
1140 4432 1235 4500 odini.

295 4561 463 4638 Rogistrnm
477 4561 546 4622 olim
561 4561 591 4621 in
609 4561 784 4621 monasterio
800 4577 823 4620 s.
840 4558 980 4637 Stephani
995 4575 1088 4637 prope
1104 4557 1266 4639 Spalatum,
1288 4574 1365 4618 nune
1380 4557 1438 4618 Vo-

252 4649 338 4710 netiie
353 4649 382 4710 in
397 4647 574 4710 bibliothece
596 4665 619 4709 s.
636 4647 743 4710 lleroi:
771 4648 910 4710 Soritture
925 4645 974 4709 del
988 4645 1164 4708 monasterio
1186 4645 1215 4706 di
1232 4661 1257 4707 s.
1273 4643 1437 4708 sermoni
