3602 5304
239 631 245 642 ·
285 635 302 646 ·-
778 605 782 612 '
818 603 870 665 45.

224 687 301 756 reu,
316 704 386 748 neue
401 686 488 748 aoid.

269 805 358 885 Papa
380 805 553 888 Gregorius
576 803 591 868 1
617 801 820 889 „Marcellino
843 803 1039 888 proconsuli¹
1063 802 1259 870 Dalmatiae*¹
1284 804 1467 886 respondet,

223 925 259 973 se
292 907 391 989 ipsius
424 907 591 989 epistolam
625 907 819 988 suscepisse,
854 925 917 988 qua
946 907 978 971 in
1008 905 1165 987 pontificis
1195 909 1330 988 gratiam
1365 909 1462 991 recipi

223 1012 375 1092 poscit„
379 1009 483 1077 lanta
505 1009 546 1076 ad
568 1027 626 1076 nos
648 1011 689 1077 de
705 1015 812 1075 vestra
828 1009 1043 1092 magnitudine
1060 1017 1284 1091 pervenerunt,
1308 1017 1428 1092 quanta
1449 1030 1468 1077 a

225 1111 313 1178 fideli
335 1113 404 1180 viro
427 1113 554 1179 minime
584 1112 755 1196 committi,
711 1112 979 1179 debuerant:
1010 1131 1068 1179 vos
1099 1113 1183 1180 enim
1211 1113 1293 1179 tanti
1323 1113 1396 1179 mali
1427 1113 1467 1179 de

225 1233 323 1282 causa
343 1215 473 1282 Maximi
496 1209 606 1283 omnes
630 1221 778 1282 astruunt
798 1222 946 1282 auctores
968 1215 1114 1294 existere,
1137 1234 1199 1298 per
1218 1233 1298 1298 quos
1318 1216 1467 1298 spoliatio

227 1317 314 1386 illius
344 1320 497 1386 ecclesiae
528 1319 580 1384 vel
610 1326 770 1385 tantarum
800 1319 975 1384 animarum
1009 1319 1145 1401 perditio
1179 1324 1276 1401 atque
1306 1319 1468 1387 inauditae

227 1423 498 1506 praesumptionis
520 1421 654 1488 audacia
676 1422 812 1504 sumpsit
833 1419 987 1488 initium‘.
1022 1421 1057 1488 Si
1079 1421 1218 1488 Maximo
1240 1420 1348 1489 lavere
1372 1420 1469 1489 desti·

226 1525 314 1602 terit
337 1526 472 1609 gratiam
494 1523 705 1606 recuperabit.

311 1650 441 1725 Ragietri
457 1650 507 1712 lib
524 1649 676 1726 IXep..5
703 1649 815 1709 blansi:
842 1649 931 1712 Oonc
949 1650 1070 1726 coll.,X
1097 1651 1168 1709 112.
1195 1649 1365 1727 FarlatiII,
1392 1650 1464 1709 271.

269 1735 341 1796 cod.
358 1735 430 1811 dipl.
446 1735 530 1796 GSD.
546 1737 571 1813 1,
588 1737 638 1798 27.
654 1735 745 1796 Jaffe:
761 1737 893 1812 Regosta
907 1739 989 1812 pont.
1005 1754 1078 1798 rom.
1094 1754 1138 1796 nr.
1158 1738 1294 1798 1160.

264 1852 329 1919 ’.ει
346 1821 521 1915 ἀιθῑπατῡς,
537 1866 592 1906 uua
610 1867 625 1906 a
643 1849 829 1921 dignitatibus
849 1866 904 1919 qua
920 1851 1121 1921 provinciarum
1133 1858 1253 1907 rectores
1272 1850 1470 1942 decorabantur

226 1935 283 1990 Sub
301 1937 465 2006 imperatore
483 1936 641 1992 Juatiniano
657 1936 671 1990 I
689 1937 834 2005 eparcbiae
847 1935 972 1994 Helladis
990 1943 1018 1991 et
1037 1939 1119 1992 Asiae
1144 1945 1222 1992 amnt
1245 1935 1366 2006 singulae
1391 1923 1468 2004 „tao

227 2005 432 2069 &vfflwoewvffi
426 2022 610 2087 ,Pannoniae
628 2038 700 2092 vero,
720 2023 842 2079 Prevalis
858 2023 1036 2078 etDardanie
1055 2011 1132 2089 „low
1124 2006 1311 2094 diepam&
1333 2021 1468 2078 Hieroclis

226 2107 403 2178 aynecdernus
428 2125 455 2178 p
480 2111 592 2164 892-3.
618 2109 659 2162 ed.
685 2108 771 2164 Bonn
793 2101 948 2164 Dalmatiae
965 2115 1054 2164 rector
1077 2109 1165 2164 medio
1190 2123 1261 2164 saec.
1279 2107 1303 2162 V
1323 2109 1466 2178 „¹⁴praoaes

227 2192 428 2265 appellabatur.
447 2193 535 2250 Natit.
553 2193 626 2264 dign.
645 2209 667 2249 c.
686 2197 720 2250 db
738 2211 766 2265 p.
787 2197 836 2248 127
855 2193 897 2250 ed.
914 2193 1046 2264 Bbcking.

705 2379 708 2386 ’
820 2425 873 2486 rs.

226 2507 484 2578 immaturi

269 2627 359 2708 Papa
380 2627 554 2711 Gregorius
579 2629 595 2693 1
621 2627 802 2710 Ι,(ιιιιιιιιιοο,
827 2625 962 2695 macno
985 2626 1129 2693 ltaliae¹:
1160 2625 1249 2692 Inter
1270 2625 1359 2706 haec,
1383 2624 1469 2706 quod

227 2729 304 2794 mihi
327 2731 367 2796 de
391 2730 511 2798 suasis
533 2732 681 2798 victorias
704 2731 896 2816 nuntiastis,
919 2749 1034 2814 magna
1063 2748 1114 2795 me
1142 2728 1267 2795 laetitia
1292 2728 1468 2796 relevatum

228 2849 299 2899 esse
322 2833 512 2916 cognoscite,
537 2835 623 2917 quod
645 2835 764 2902 latores
786 2834 1001 2918 praesentium
1022 2832 1062 2900 de
1078 2830 1253 2915 capritana
1274 2831 1377 2898 insula
1391 2819 1467 2896 ¹uni-

228 2937 288 3002 tati
310 2944 439 3004 sanctae
463 2939 614 3006 ecclesiae
637 2939 784 3022 coniungi
806 2937 995 3005 festinantes
1018 2937 1060 3002 ad
1082 2937 1211 3003 beatum
1227 2936 1367 3014 Petrum,
1391 2953 1467 3016 apo·

229 3039 382 3106 stolorum
413 3042 605 3124 principem,
637 3043 678 3109 ab
708 3041 894 3108 excellentia
928 3046 1034 3106 vestra
1064 3040 1241 3106 transmissi
1276 3035 1380 3104 sunt“.
1418 3037 1468 3103 De

228 3143 405 3210 ordinanda
424 3144 528 3210 insula
551 3164 586 3211 se
609 3144 787 3210 Mariniuno
807 3146 955 3226 episcopo
971 3143 1171 3210 ravenatensi
1186 3142 1355 3208 mandasse
1370 3140 1467 3222 signi·

229 3245 312 3313 licat.
336 3247 490 3314 Maiorem
512 3248 624 3317 domus
639 3247 782 3314 Callinici
798 3253 926 3314 accusat
940 3245 1129 3314 venalitatis.
1153 3246 1286 3312 Romam
1304 3263 1375 3312 eum
1391 3261 1466 3312 ven-

229 3355 334 3416 turum
356 3369 438 3435 esse,
461 3350 611 3418 laetatur.

316 3475 445 3551 Registri
461 3477 511 3536 lib.
528 3477 571 3535 IX
586 3493 634 3552 ep.
651 3479 682 3536 9.
697 3476 807 3536 llansi:
824 3475 913 3535 Oonc.
930 3476 993 3536 ooll
1012 3476 1050 3554 X,
1069 3479 1139 3538 117.
1157 3474 1230 3536 God.
1247 3474 1318 3551 dipl.
1338 3473 1422 3534 OSD.
1439 3473 1462 3552 1,

272 3563 322 3622 30.
340 3561 431 3621 saue:
447 3563 577 3638 Rogesta
593 3566 674 3638 pont.
690 3580 763 3623 rom.
779 3581 824 3622 nr.
844 3565 936 3622 1165.

316 3647 443 3709 Ubinam
459 3649 509 3707 illa
524 3648 561 3708 de
576 3647 673 3708 Slavis
688 3650 812 3709 victoria
822 3650 917 3710 relata
928 3649 974 3726 sit,
992 3647 1120 3708 everbia
1132 3647 1275 3723 epistolae
1286 3665 1344 3706 non
1356 3646 1462 3707 elucet.

272 3731 403 3793 Callinici
425 3734 598 3794 relationem
621 3735 787 3811 respexisse
810 3735 907 3812 illam,
934 3735 972 3794 de
996 3751 1055 3810 qna
1078 3733 1321 3808 Theopbylaotus
1347 3733 1458 3807 scribit,

272 3819 463 3895 irruptionem
472 3821 501 3879 in
515 3821 692 3880 Dalmatiam
705 3820 746 3899 (v.
763 3837 806 3880 nr.
821 3815 886 3901 43),
900 3820 948 3880 vel
956 3821 1097 3896 temporis
1113 3819 1187 3880 ratio
1202 3820 1323 3879 innuere
1336 3816 1463 3878 videtur.

272 3903 326 3964 Oui
334 3905 462 3981 opinioni
471 3905 544 3965 illud
554 3923 613 3966 non
622 3905 806 3984 advorsmnr,
816 3905 896 3981 quod
905 3907 935 3964 in
943 3905 1159 3983 Theophylacti
1168 3905 1289 3965 historia
1298 3903 1336 3964 de
1344 3903 1462 3980 Avaris,
1534 3955 1539 3962 .

272 3991 301 4050 ιιι
316 3991 421 4051 litteris
443 4008 515 4052 vero
530 3992 649 4052 exarchi
666 3992 703 4052 de
720 3991 855 4053 blavonis
870 3997 992 4070 agotum
1014 3991 1044 4051 hi
1061 3991 1171 4068 quippe
1190 3992 1329 4050 maiorem
1353 3988 1464 4048 avarici

272 4080 418 4139 exereitus
441 4083 554 4154 partem
576 4075 608 4140 in
630 4078 865 4154 expeditionibus
887 4079 945 4138 illis
967 4079 1192 4154 mustituabant,
1208 4082 1398 4150 utrorumque
1413 4091 1465 4134 no-

272 4164 350 4224 mina
365 4165 529 4240 promiscue
541 4164 766 4224 adhibebantur.
782 4164 879 4237 Quum
890 4165 1040 4224 Dalmatia
1050 4181 1121 4238 pars
1131 4164 1235 4223 Italiae
1247 4167 1335 4240 esset,
1351 4165 1382 4220 ot
1396 4177 1463 4237 pro-

273 4251 373 4309 consul
390 4250 557 4310 Dalmatiae
573 4251 611 4309 ab
626 4249 755 4309 exarcho
771 4249 876 4308 ltaliae
898 4247 1097 4326 dependeret,
1121 4249 1168 4308 vel
1184 4267 1222 4308 ex
1237 4265 1272 4308 eo
1288 4248 1391 4307 mirum
1407 4263 1465 4305 uon
1517 4245 1519 4252 ⁴
1582 4314 1587 4324 Ι

273 4341 326 4412 eat,
343 4334 422 4409 quod
441 4335 552 4394 huncce
567 4334 681 4394 hostilia
697 4337 725 4394 in
740 4335 918 4394 Dalmatiam
934 4335 1057 4412 irruptio
1072 4334 1228 4411 plurimum
1243 4333 1404 4393 interesset.

266 4453 274 4484 ¹
292 4449 427 4506 Successit
435 4450 556 4506 Romano
569 4451 597 4504 in
610 4450 759 4505 exarchatu
772 4463 843 4505 anno
857 4452 917 4519 597,
930 4466 1082 4519 munusque
1094 4465 1144 4520 por
1156 4449 1351 4518 quinquenium
1363 4447 1467 4502 obibat.
