3494 5410
743 611 833 687 93.

164 715 191 780 1.
207 736 228 778 a
244 718 297 780 tus.

215 836 362 904 Svinimir
385 859 438 907 rex
460 839 650 906 monasterio
674 859 699 904 3.
723 839 877 906 Johannle
899 837 1049 920 Belgradi
1064 838 1228 907 confirmat
1252 842 1364 924 „libert
1374 862 1406 909 3·

166 942 258 1008 1333α
282 963 301 1008 3
322 944 545 1026 predecessore
568 963 625 1010 suo
649 943 818 1011 Cresimiro
841 944 886 1008 illi
908 961 1099 1023 concessam,
1124 961 1183 1010 nec
1208 963 1270 1011 non
1296 965 1403 1014 omnes

162 1053 283 1126 terres,
307 1066 386 1130 quas
408 1049 559 1130 possidet
584 1047 767 1130 praeprimis
793 1047 842 1126 „in
865 1047 998 1131 Rogoua
1019 1052 1053 1112 et
1077 1047 1231 1130 11311133.ι

258 1153 508 1216 Commemoratur
529 1157 559 1216 in
582 1156 686 1216 litteris
710 1155 790 1231 rogis
814 1153 954 1232 Stephani
978 1173 1005 1216 3.
1034 1157 1125 1217 1166.
1155 1159 1184 1216 31
1206 1157 1296 1223 Betae
1311 1157 1356 1218 111
1371 1175 1401 1218 a.

218 1243 309 1302 1188.
327 1241 398 1302 Ood.
415 1243 487 1320 dipl.
503 1243 585 1304 GSD.
602 1243 641 1322 11,
658 1243 709 1301 70.
728 1241 798 1302 145.

212 1341 253 1395 ¹1.
273 1356 294 1397 3
315 1341 440 1412 varnier,
461 1341 568 1398 Vrbioa

742 1568 832 1646 94.

156 1678 184 1741 d.
205 1679 294 1741 atus

211 1816 324 1882 Petrus
348 1797 432 1880 Grne
455 1831 560 1880 coram
584 1813 723 1895 „Jacobo
746 1813 958 1878 marianorum
987 1813 1084 1878 duce“
1118 1819 1151 1878 et
1173 1813 1243 1880 aliis
1265 1763 1399 1881 13311133

155 1921 225 1986 init
240 1937 311 1985 cum
326 1903 494 1985 Miroslsvo
518 1923 613 2000 atque
632 1915 705 1982 tiliis
720 1915 891 1997 Michaelis,
909 1915 1036 1982 Gedeno
1052 1922 1085 1982 et
1099 1915 1227 2002 Ohvalo,
1246 1935 1398 2004 „couven-

154 2025 302 2092 tionem“
322 2026 362 2090 de
377 2022 479 2103 terris,
495 2040 575 2104 quus
592 2022 661 2104 ipse
676 2020 863 2088 Miroslsuus
891 2021 992 2088 eidem
1010 2021 1215 2107 „subtrahere
1239 2023 1396 2088 volebnt“.

255 2128 331 2193 Vide
346 2149 390 2192 nr.
410 2133 480 2191 111.

737 2420 827 2494 95.

155 2531 186 2592 t.
205 2530 257 2600 1111,
273 2529 296 2589 lt
310 2528 388 2590 niti.

156 2666 316 2733 Svinimir
337 2685 394 2730 ree
415 2663 568 2731 nobilibus
589 2665 710 2730 1333133
733 2663 865 2732 Brotiac
886 2666 1044 2732 mercandi
1067 2665 1236 2734 libertatem
1251 2669 1397 2735 corwedit.

658 2803 771 2872 (cumo
789 2803 903 2874 spurio.)

211 2911 249 2976 Iu
269 2911 395 2980 nomine
418 2915 526 2976 sancte
549 2914 581 2977 et
603 2910 764 2976 indiuiduo
795 2911 953 2977 trinitatis.
988 2909 1078 2977 Anno
1109 2913 1149 2978 ab
1177 2913 1396 2981 incarnacione

158 3017 282 3086 domini
306 3017 403 3082 nostri
426 3015 504 3082 Jesu
527 3013 644 3080 Christi
666 3015 831 3082 millesimo
854 3015 991 3097 nxxrn‚¹
1015 3015 1066 3081 die
1088 3039 1136 3080 111
1159 3017 1274 3097 marcii,
1297 3017 1396 3084 iudic-

157 3123 258 3190 cione
279 3145 299 3185 1.
322 3119 530 3202 Apostolante
552 3139 635 3202 papa
665 3120 819 3204 Gregorio
850 3143 896 3186 vn
927 3125 960 3185 et
990 3121 1074 3203 apud
1105 3119 1223 3189 Grecos
1238 3122 1393 3192 Michadle

157 3231 352 3309 imperante.
376 3225 492 3291 Notum
510 3225 551 3290 sit
567 3226 713 3291 omnibus
736 3232 800 3290 tam
817 3225 1017 3309 presentibus
1032 3243 1125 3306 qusm
1142 3227 1285 3309 posteris,
1311 3231 1396 3309 quod

157 3350 226 3416 ego
249 3329 422 3396 Zooinimir
444 3349 500 3396 seu
522 3330 713 3408 Demetrius
738 3330 844 3395 diuina
867 3331 1061 3397 concedente
1092 3332 1198 3413 gracia
1220 3351 1275 3399 rex
1298 3332 1396 3400 Chro-

156 3435 657 3513 33133333193133311333331,
688 3453 759 3499 curn
791 3435 933 3501 omnibus
963 3434 1120 3501 nobilibus
1151 3436 1229 3501 meis
1257 3439 1397 3505 concessi

155 3541 323 3608 Prestauti
346 3539 476 3623 Pelagio
499 3539 593 3604 iudici
614 3539 716 3606 insule
738 3539 850 3605 Bracie
872 3540 905 3604 in
925 3540 1088 3605 Dalmatia
1111 3546 1143 3604 et
1166 3540 1308 3606 omnibns
1324 3541 1396 3608 cha·
1455 3583 1465 3597 .

121 3685 125 3692 ·
157 3644 296 3712 nissimis
318 3644 476 3711 nobilibus
499 3643 539 3710 de
561 3643 684 3722 Bracia,
708 3644 791 3726 quod
815 3644 875 3726 ipsi
896 3643 1017 3710 nobiles
1040 3644 1130 3709 amici
1154 3662 1223 3709 curn
1246 3646 1391 3713 omnibus

157 3749 231 3818 suis
254 3749 404 3815 insulanis
427 3747 551 3830 possint
573 3749 674 3816 libere
695 3748 833 3816 uendere
856 3757 889 3814 et
910 3767 1016 3818 emere
1037 3749 1070 3813 in
1092 3748 1236 3814 omuibus
1259 3749 1395 3816 ciuitati-

155 3859 233 3940 bus,
257 3854 333 3919 locis
358 3859 391 3921 et
413 3853 497 3919 uillis
521 3854 609 3938 regni
632 3854 693 3919 mei
717 3859 1039 3934 omrresmeroaturas‚
1067 3871 1146 3935 quas
1170 3854 1323 3935 placuerit
1346 3855 1392 3921 313

156 3977 269 4028 emere
284 3964 317 4026 et
328 3959 475 4038 uendere,
493 3957 797 4037 3133311333113313,
814 3955 984 4044 (13(311331
1001 3957 1131 4039 inpositi
1137 3977 1203 4024 one.
1227 3957 1295 4025 Nec
1311 3961 1395 4041 quis·

158 4084 258 4150 quam
282 4065 321 4131 de
344 4063 490 4130 fidelibus
513 4063 592 4130 meis
614 4063 732 4130 audeat
758 4081 813 4129 eos
835 4062 1003 4128 molestare
1023 4063 1087 4126 ullo
1113 4064 1204 4128 modo
1229 4064 1288 4128 sub
1311 4083 1392 4144 pena

156 4189 234 4236 mee
255 4169 489 4253 indignacionis.
524 4167 568 4234 Et
588 4167 649 4233 hoc
670 4173 800 4249 propter
821 4166 1008 4233 beneuolam
1031 4167 1271 4251 tractationem,
1296 4187 1390 4250 quem

154 4274 221 4357 ipsi
244 4273 366 4340 nobiles
389 4273 428 4340 de
451 4272 564 4339 Bracia
593 4271 736 4338 iecerunt
765 4271 911 4338 fidelibus
941 4272 1018 4338 meis
1048 4271 1215 4354 preclaris:
1246 4271 1389 4354 Dregote

157 4379 244 4445 bano
268 4384 301 4444 et
325 4375 516 4460 Slavogosto
538 4379 687 4460 iuppano.
711 4377 754 4442 Et
775 4375 834 4441 hec
856 4375 940 4442 facta
965 4377 1093 4442 suntin
1115 4377 1277 4458 presencia
1299 4393 1391 4441 uene·

157 4481 271 4548 rubilia
286 4482 433 4566 Gregorii
447 4481 587 4566 episcopi
603 4481 842 4560 (incohatarum.
865 4481 953 4546 Petri
969 4479 1134 4564 capellani,
1149 4479 1291 4564 Dragote
1305 4479 1391 4558 bani,

159 4585 344 4670 Slauogosti
364 4586 481 4669 iupani‚
504 4585 661 4654 Berislaui
683 4585 805 4652 comitis
828 4591 861 4653 et
882 4586 1016 4652 Drasino
1039 4585 1161 4652 iudicis.

208 4691 270 4760 Per
291 4709 420 4759 manum
441 4690 569 4776 Georgii
591 4691 705 4758 notarii
727 4709 797 4758 curn
821 4691 1017 4773 appensione
1038 4690 1100 4757 mei
1123 4689 1224 4774 sigilli
