3572 5276
1345 374 1406 436 441

215 574 334 641 Tactus
359 575 470 642 dolore
495 574 635 658 pontifex
660 575 773 654 dictus,
799 575 938 658 quodid
960 576 1001 641 de
1023 579 1113 642 tanta
1141 575 1256 641 iniuria
1285 577 1414 657 pensari

169 679 335 758 debuerat,
361 678 468 744 divina
490 679 666 761 inspirante
689 679 866 754 clementia,
890 696 972 760 quae
995 697 1065 744 cum
1088 678 1203 760 iniquis
1233 678 1412 746 hominibus

167 783 313 848 habitare
336 782 482 848 noluerat
504 783 545 848 ad
569 781 667 847 totius
691 781 777 849 orbis
801 789 934 848 matrem
951 801 1039 848 mara
1062 781 1235 858 adnotavit,
1259 789 1295 848 ut
1317 801 1413 864 qnon-

169 887 241 952 dam
264 884 320 950 filii
344 885 444 951 Israel
466 886 546 950 mari
570 886 665 952 rubro
682 887 869 952 transmisso
892 885 932 950 ad
949 893 1070 952 terram
1086 886 1314 970 promissionis,
1335 887 1416 951 scili-

170 995 221 1054 cet
243 989 419 1055 Romanam
443 989 617 1074 ecclesiam,
641 989 778 1056 devenit.

214 1089 261 1158 Ut
283 1097 385 1158 mater
406 1090 515 1171 filium,
539 1093 586 1157 sic
609 1097 678 1159 tota
699 1092 787 1157 curia
802 1093 944 1158 Romana
966 1094 1071 1175 ipsum
1087 1085 1223 1175 recepit}
1246 1099 1280 1159 et
1303 1112 1414 1159 conso-

172 1195 233 1261 lan'
255 1213 312 1276 per
343 1195 411 1260 dies
441 1194 594 1278 plurimos
618 1215 655 1260 ac
686 1195 798 1278 largiri
821 1195 881 1262 sibi
904 1215 967 1262 non
990 1196 1116 1264 destitit
1144 1196 1304 1281 auxilium,
1328 1197 1414 1278 quod

171 1300 219 1363 vir
242 1298 293 1366 dei
315 1302 442 1364 sanetas
467 1300 659 1380 quaesierat.

216 1402 280 1468 Sed
313 1402 450 1483 denique
490 1401 715 1469 bostrensium
750 1402 918 1486 populum,
954 1403 1009 1483 qui
1041 1403 1261 1471 maledictione
1294 1403 1344 1470 dei
1380 1409 1414 1470 et

172 1507 272 1572 sancti
296 1503 452 1586 pontificis
474 1506 626 1587 implicati
649 1505 784 1586 fuerant,
807 1505 876 1571 sine
892 1511 1021 1588 pastore
1044 1512 1077 1572 ct
1099 1508 1294 1574 correctione
1314 1507 1410 1573 relin-

172 1626 270 1691 quere
303 1626 367 1673 non
399 1609 560 1690 pennisit;
606 1615 640 1673 et
672 1608 855 1690 apostolicis
889 1609 1003 1675 litteris
1034 1607 1252 1676 confirmatum
1284 1611 1413 1675 beatum

173 1712 387 1778 Gaudentium
411 1729 500 1777 suam
525 1713 565 1776 ad
589 1712 748 1777 civitatem
770 1712 981 1778 absarensem
998 1731 1082 1795 papa
1096 1714 1259 1779 remittere
1283 1715 1413 1778 curavit.

216 1814 444 1881 Benedictione
466 1815 575 1895 itaque
598 1821 747 1896 suscepta
770 1815 954 1896 apostolica,
977 1822 1011 1881 et
1032 1816 1145 1882 itinere
1169 1817 1334 1899 gradiente
1356 1834 1414 1883 suo

174 1920 216 1984 ad
239 1917 468 1983 Anconitanum
492 1918 621 1984 tandem
644 1918 788 1998 pervenit
811 1917 978 1983 civitatem.
1002 1918 1147 1984 Prudens
1171 1919 1299 1999 quidam
1329 1919 1413 2002 (vir),

160 2023 287 2092 ‚Petrus
320 2021 457 2093 nomine,
491 2021 523 2084 in
552 2039 642 2085 suam
675 2019 847 2088 honorifice
869 2021 1010 2103 suscepit
1030 2022 1166 2104 domum,
1187 2022 1240 2102 qui
1264 2019 1414 2088 fundator

173 2130 251 2189 tnnc
272 2123 378 2188 fuerat
400 2122 481 2189 Novi
503 2121 636 2188 Portus²
659 2124 814 2189 coenobii.

217 2225 329 2293 Altera
351 2245 427 2292 vero
450 2227 502 2292 die
525 2231 604 2291 nutu
628 2226 689 2306 dei,
722 2228 775 2308 qui
797 2227 895 2294 talem
917 2228 1101 2294 thesaurum
1124 2227 1218 2294 nobis
1240 2228 1415 2294 donaturus

174 2331 296 2411 fuerat,
333 2327 455 2396 febrilis
491 2329 577 2395 calor
607 2331 730 2411 corpori
761 2331 897 2411 depositi
937 2330 1022 2397 beati
1061 2330 1232 2397 Gaudentii
1263 2333 1415 2400 accedere

172 2436 278 2501 iussus
300 2439 360 2513 est,
384 2435 532 2514 episcopo
556 2433 750 2514 deprecante
772 2433 875 2514 deum,
898 2439 933 2499 nt
956 2451 975 2498 a
997 2434 1106 2500 labore
1129 2435 1234 2500 anima
1255 2435 1354 2515 ipsius
1376 2436 1418 2502 ad

173 2537 297 2604 coelum
328 2537 483 2602 scandere
515 2537 623 2618 possit.
656 2534 771 2618 Sitque
800 2535 919 2604 factum
949 2543 1006 2616 est
1039 2543 1076 2601 ut
1104 2539 1201 2606 adeo
1231 2539 1418 2621 dispositum

175 2639 289 2706 fuerat.
306 2641 369 2706 Per
383 2639 584 2706 fundatorem
600 2659 697 2722 supra
712 2639 822 2721 scripti
838 2639 1031 2720 monasterii,
1049 2641 1198 2724 episcopo
1211 2641 1414 2723 impetrante,

175 2745 216 2810 ad
250 2743 437 2810 coenobium
471 2761 542 2809 cum
577 2744 695 2826 populo
730 2743 867 2810 civitatis
900 2744 1055 2810 deductus
1084 2750 1146 2810 est.
1178 2743 1242 2811 Ubi
1273 2746 1417 2811 habitum

175 2847 264 2914 beati
293 2845 460 2913 Benedicti
491 2847 674 2914 solemniter
696 2846 825 2928 recepit
859 2851 892 2913 et
913 2847 947 2911 in
970 2847 1083 2914 eadem
1105 2845 1240 2916 ecclesia
1269 2867 1327 2931 per
1349 2848 1418 2914 dias

174 2950 385 3033 perplurimos
415 2951 520 3016 divina
550 2951 706 3017 concessit
735 2951 879 3032 potentia
908 2969 1087 3032 superesse.
1133 2951 1171 3017 In
1210 2951 1325 3033 quibua
1363 2951 1415 3019 uel

177 3055 262 3122 inter
285 3071 364 3135 quos
394 3053 471 3134 dies,
496 3053 623 3134 quando
647 3063 742 3135 potus
765 3053 826 3121 sibi
855 3053 1018 3120 ferebatur
1041 3071 1153 3136 aquae,
1177 3055 1306 3122 nimium
1329 3055 1416 3122 dolo-

174 3177 241 3224 rem
276 3163 433 3238 cocperat
468 3155 553 3239 quod
582 3156 645 3222 vini
679 3157 759 3222 meri
793 3175 939 3238 saporem
972 3159 1004 3222 in
1034 3162 1157 3223 tantum
1192 3177 1250 3225 suo
1285 3177 1340 3225 ore
1363 3177 1416 3224 su·

176 3265 335 3346 aceperat,
359 3265 396 3326 ut
418 3259 479 3326 sibi
501 3261 602 3343 possit
624 3261 720 3340 credi,
744 3261 829 3341 quod
852 3279 1011 3342 nunquam
1027 3279 1105 3327 snae
1128 3261 1286 3327 voluntati
1307 3281 1420 3344 parere

178 3363 346 3431 coenobita
389 3363 551 3430 voluisset.
583 3365 703 3432 Iterum
732 3371 830 3444 atque
859 3365 973 3429 iterum
1004 3366 1098 3431 immo
1129 3365 1347 3446 multipliciter
1379 3365 1420 3431 ab

175 3465 382 3533 offerentibus
417 3484 518 3549 aquae
552 3467 720 3548 poculum,
764 3473 926 3547 resumpto
961 3467 1073 3546 calice,
1109 3468 1215 3532 vinum
1250 3467 1421 3551 degustare

176 3569 368 3653 gaudebant,
393 3588 456 3651 quo
479 3570 584 3652 aegris
607 3576 754 3652 porrecto
778 3569 952 3636 incolumes
976 3569 1016 3636 ab
1030 3569 1266 3637 infirmitatibus
1289 3571 1418 3643 recade-

175 3674 263 3750 bant,
295 3672 425 3754 impleta
456 3673 625 3754 prophetia
654 3673 789 3738 dondni:
825 3691 864 3758 „o
894 3691 987 3751 mors,
1012 3693 1066 3740 ero
1089 3691 1174 3739 mors
1198 3679 1262 3758 tua,
1295 3693 1420 3740 morsus

179 3783 253 3841 tuus
276 3794 341 3854 ero,
363 3776 523 3855 inferne“;
548 3778 622 3857 quia
638 3787 697 3857 per
712 3775 832 3841 febrem
851 3777 1024 3842 beatissimi
1047 3777 1104 3840 viri
1121 3776 1292 3843 Gaudentii
1314 3777 1420 3844 febres

177 3884 378 3961 peccatorum
401 3877 626 3944 infirmantium
650 3878 772 3944 destrui
796 3879 1080 3959 conspiciebantur.
1112 3879 1191 3945 Cum
1222 3884 1330 3945 autem
1354 3881 1419 3962 pla—

176 3983 241 4047 cuit
274 3984 312 4062 ci,
344 3981 397 4064 qui
428 4002 499 4049 eurn
523 3983 702 4065 segregavit
734 4001 772 4048 ex
796 3985 886 4047 utero
918 3981 1027 4047 matris
1058 3987 1190 4050 suaset
1213 3983 1338 4048 vocavit
1361 4003 1418 4068 per

178 4087 318 4166 gratiam
352 4103 442 4150 suam
473 4087 688 4171 inmundum,
720 4085 760 4152 ad
791 4087 950 4168 magnalia
980 4105 1039 4153 sua
1062 4088 1186 4154 vocavit
1214 4085 1331 4170 (eum)³
1353 4086 1421 4152 Iam

189 4209 264 4256 uero
287 4189 471 4256 imminente
496 4189 546 4256 dic
570 4191 725 4256 transitus
744 4190 853 4271 ipsius,
878 4189 1002 4256 vacavit
1018 4188 1058 4255 ad
1082 4209 1116 4254 se
1140 4191 1255 4256 fratres
1278 4196 1310 4257 et
1332 4190 1423 4256 disci·

179 4293 274 4376 pulos
296 4293 394 4358 totius
418 4293 689 4376 congregationis3
713 4298 745 4358 et
769 4311 861 4357 cruce
884 4293 914 4355 in
937 4293 1083 4357 manibus
1104 4299 1254 4374 suscepta
1277 4293 1421 4359 adoravit

175 4395 278 4482 (earn)
295 4397 402 4462 osculo
419 4398 483 4462 oris
500 4398 564 4473 sui;
588 4402 621 4462 et
644 4395 720 4460 data
742 4395 863 4459 cunctis
887 4413 975 4475 pace,
997 4396 1175 4461 videntibus
1192 4402 1225 4462 et
1240 4397 1418 4463 astantibus

176 4501 322 4567 omnssrus
352 4506 532 4582 assumptus
565 4506 615 4564 est
644 4516 714 4563 cum
737 4498 853 4580 gloria,
886 4497 1016 4582 (pridie)
1040 4498 1182 4565 kalendis
1205 4497 1309 4564 Junii⁴
1332 4501 1417 4581 apud

173 4603 306 4670 Portum
329 4603 463 4670 Novum.
487 4601 552 4670 Ubi
575 4601 749 4670 tumulatus
773 4607 824 4670 est
846 4609 880 4668 at
902 4601 1072 4669 ubimulta
1091 4608 1298 4686 praestantur
1320 4601 1417 4677 bene·
