3548 5282
323 431 386 496 482

322 636 487 718 proposuit
520 639 620 699 totam
649 631 827 698 chroatiam
859 651 958 713 usque
990 633 1031 698 ad
1062 651 1148 699 more
1179 632 1380 698 dalmaticum
1412 632 1470 698 sub
1497 651 1554 700 suo

321 743 456 808 dominio
480 741 658 825 subiugare.
684 739 778 804 Venit
801 757 870 802 eum
887 757 944 803 suo
960 738 1099 802 exercitu
1124 738 1279 818 usquead
1296 735 1412 802 flumen
1429 737 1553 815 Draue;

320 848 496 914 Chrouates
519 863 596 910 uero
619 844 785 909 audientes
817 843 856 908 de
880 843 1020 908 aduentu
1049 841 1132 924 regis
1163 850 1439 922 congregouerunt
1468 860 1555 907 exer·

319 955 413 1018 eitum
438 950 534 1016 suum
553 954 587 1016 et
608 954 861 1032 preparauerunt
884 965 919 1012 se
942 945 984 1011 ad
1006 944 1220 1028 pugnandum.
1253 945 1322 1009 Rex
1344 963 1422 1010 uero
1447 945 1557 1011 audito

318 1056 562 1139 congregatione
583 1055 738 1137 ipsorum,
771 1053 857 1117 misit
879 1069 954 1118 suos
977 1051 1125 1130 nuncios,
1159 1049 1272 1114 uolens
1305 1049 1391 1130 ipsos
1414 1049 1556 1130 gratiose

319 1167 465 1246 tractare,
496 1165 529 1228 et
551 1165 645 1242 pacta
666 1177 737 1224 oum
760 1157 895 1242 eisdem,
932 1161 967 1220 ut
997 1154 1165 1233 noluerint,
1199 1152 1354 1219 ordinare.
1381 1151 1558 1220 Chrouates

320 1285 395 1336 uero
419 1265 528 1332 audita
548 1263 708 1348 legatione
739 1261 856 1328 domini
886 1261 986 1344 regis,
1018 1259 1096 1324 inito
1126 1257 1256 1324 oonsilio
1287 1274 1396 1322 omnes
1426 1257 1555 1321 insimul

320 1377 567 1455 aceeptauerunt
589 1376 621 1435 et
644 1367 798 1434 miserunt
819 1389 867 1430 xn
889 1364 1011 1431 nobiles
1041 1363 1251 1445 sapientiores
1275 1362 1315 1426 de
1337 1383 1385 1426 m
1408 1361 1554 1426 tribubus

321 1477 510 1558 Obrouatie,
542 1473 706 1540 uidelicet:
742 1471 887 1538 comitem
922 1467 1064 1536 Guran⁵⁹
1087 1468 1127 1533 de
1157 1484 1274 1549 genere
1296 1464 1554 1548 Gbapittorum⁶⁰,

320 1584 465 1650 comitem
490 1577 698 1663 Hugr·inum⁶¹
723 1577 763 1642 de
784 1593 900 1660 genere
922 1569 1199 1654 cunctaremur,
1224 1573 1369 1636 tomitem
1392 1569 1553 1652 Marmog-

319 1687 437 1754 niani⁶³
460 1686 500 1751 de
523 1702 639 1767 genere
669 1679 917 1759 Subithorum⁶⁴,
948 1677 1094 1744 comitem
1124 1674 1335 1740 Pribislauum
1369 1673 1408 1740 de
1437 1691 1554 1754 genere

320 1786 674 1878 Quddomirithorum⁶⁵,
707 1785 852 1852 comitem
884 1781 1057 1868 Georgium
1079 1781 1119 1846 de
1149 1796 1267 1862 genere
1290 1777 1556 1859 Suspitnorum‘r,

320 1896 464 1962 comitem
489 1895 616 1961 Petrum
638 1892 678 1958 de
701 1908 818 1973 genere
840 1884 1093 1967 Murithorum⁶⁷,
1117 1883 1264 1950 comitem
1280 1880 1413 1948 Paulum
1437 1881 1477 1948 de
1499 1899 1553 1962 ge-

322 2021 395 2067 nere
418 1997 666 2080 Gusithoruruffi,
687 1994 834 2061 eoniitern
857 1991 1029 2057 Martiuum
1053 1989 1092 2054 de
1114 2005 1231 2069 genere
1254 1983 1506 2051 Garinemium⁶⁹
1522 1991 1555 2051 et

321 2107 360 2172 de
383 2123 497 2188 genere
519 2099 778 2184 septenorumw,
803 2096 948 2164 tomitem
970 2093 1180 2158 Pribisiauum
1204 2091 1245 2157 de
1267 2107 1387 2171 genere
1405 2089 1553 2172 Pol(et)i-

321 2208 489 2288 thorum⁷¹,
515 2207 661 2274 comitem
684 2202 869 2270 Hobradum
893 2198 933 2265 de
956 2215 1073 2280 genere
1095 2193 1392 2276 tapnioithorumw,
1409 2193 1553 2260 domitam
1642 2213 1646 2220 ·

319 2313 473 2380 ioannem
504 2312 544 2377 de
574 2328 691 2394 genere
719 2301 1034 2384 Jamomethorum⁷³,
1064 2301 1211 2366 tomitem
1234 2297 1414 2378 Mirognum
1436 2297 1476 2362 de
1497 2315 1553 2379 ge-

319 2436 396 2484 nere
418 2412 701 2500 Tugomirorum⁷⁴.
726 2411 786 2488 Qui
809 2409 976 2475 uenientes
1000 2405 1040 2470 ad
1062 2403 1220 2469 dominum
1245 2419 1351 2484 regem
1367 2401 1396 2466 ei
1413 2400 1553 2480 debitam

319 2523 528 2590 reuerentiam
551 2518 769 2588 exhibuerunt.
800 2511 953 2578 Dominus
978 2527 1054 2575 uero
1077 2527 1133 2573 rex
1156 2507 1198 2572 ad
1220 2504 1363 2572 osculum
1386 2505 1472 2585 paris
1496 2522 1552 2570 eos

319 2628 473 2710 recipiens
497 2633 530 2690 et
552 2619 723 2689 honorifice
746 2638 802 2686 eos
824 2623 981 2694 tractans,
1009 2615 1050 2679 ad
1072 2613 1169 2678 talem
1193 2608 1391 2676 concordiam
1416 2608 1552 2674 deuene

318 2738 410 2800 runt:
441 2730 526 2813 quod
556 2745 666 2795 omnes
693 2723 828 2808 predicti
861 2725 992 2786 teneant
1018 2735 1110 2784 suum
1139 2713 1269 2797 paeifioe
1299 2719 1333 2779 et
1360 2713 1484 2796 quiete;
1518 2716 1552 2778 et

319 2837 404 2919 quod
426 2855 488 2902 non
512 2840 678 2902 teneantur
700 2830 806 2910 aliqua
835 2825 1067 2908 praedictarum
1090 2819 1339 2904 generationum,
1363 2836 1421 2883 nee
1442 2835 1551 2884 eorum

318 2942 477 3024 homines,
508 2938 596 3022 regie
625 2933 783 3002 maiestati
817 2932 942 2999 soluere
972 2945 1119 3005 rensum3
1154 2923 1214 2992 nisi
1235 2929 1359 2989 tantum
1382 2927 1552 2987 teneantur

320 3046 446 3113 domino
469 3045 545 3127 regi,
570 3041 695 3123 quando
718 3039 815 3119 adqui
836 3036 1027 3102 inuaderent
1049 3049 1106 3098 sua
1129 3026 1265 3096 confinia
1279 3025 1408 3108 ragadia,
1433 3031 1508 3090 tuno
1524 3026 1551 3090 si

319 3151 464 3220 dominus
488 3168 542 3215 rex
563 3147 668 3212 mittet
690 3162 747 3226 pro
770 3141 859 3224 ipsis,
883 3147 958 3205 tune
979 3137 1025 3202 ire
1042 3135 1179 3201 debeant
1194 3131 1338 3198 adminus
1354 3148 1425 3195 tum
1440 3129 1549 3196 desem

319 3254 481 3338 armigeris
511 3251 650 3334 equiturn
683 3249 722 3315 de
751 3245 895 3328 qualibet
918 3241 1126 3325 generatione
1148 3235 1291 3320 predicta
1321 3236 1388 3300 suis
1418 3234 1551 3322 sumpti·

318 3363 377 3427 bus
401 3368 434 3425 et
456 3356 599 3440 expensis
622 3371 724 3435 usque
748 3351 789 3418 ad
811 3349 926 3416 flumen
957 3348 1081 3424 Draue3
1113 3343 1186 3408 inde
1218 3358 1330 3407 uersus
1352 3337 1548 3420 Hungariam

317 3467 358 3532 ad
381 3481 536 3546 expensas
561 3459 677 3526 domiui
700 3457 801 3542 regis,
832 3471 995 3536 usquequo
1018 3447 1175 3516 exereitus
1199 3443 1378 3523 domuerit,
1412 3443 1551 3508 debeant

318 3587 513 3654 permanere.
536 3565 580 3632 Et
600 3566 645 3632 sio
666 3563 771 3631 extitit
803 3561 983 3627 ordinatum
1005 3556 1045 3620 de
1068 3569 1149 3618 anno
1174 3555 1301 3616 nostrae
1325 3547 1549 3628 redemptionis

317 3700 357 3741 iro
371 3699 402 3742 oo
416 3699 466 3740 110.

403 3801 560 3881 Appendix
582 3798 620 3858 ad
642 3795 772 3857 eiusdem
795 3789 923 3852 aratoria
945 3787 1097 3848 historiam
1120 3782 1315 3842 salonitanam
1330 3796 1360 3856 p.
1378 3779 1441 3836 370
1456 3775 1502 3834 ed.
1518 3775 1547 3836 J.

362 3891 455 3954 Lueii.
472 3887 588 3950 Contuli
603 3901 668 3945 eum
684 3883 749 3944 eod.
765 3897 835 3941 mse.
849 3877 970 3938 membr.
983 3871 1179 3934 bibliotbeoae
1195 3885 1268 3928 eom.
1285 3865 1458 3940 Fanfognae
1474 3863 1547 3922 Tra·

360 3981 435 4058 gurii
453 3995 529 4038 eaeo.
546 3973 626 4035 xlv.
643 3971 679 4031 V.
695 3969 761 4030 Rari
776 3965 882 4044 XXVI,
903 3965 972 4023 175.

402 4069 447 4128 De
470 4061 621 4124 authentia
642 4063 672 4119 et
693 4055 850 4133 axiopistia
872 4045 1091 4128 „memorialis“
1115 4041 1239 4105 disserui
1262 4039 1382 4100 uberius
1397 4039 1425 4096 in
1444 4036 1547 4116 „Knji

357 4151 480 4217 devnik“
500 4152 526 4228 Ι,
542 4147 722 4210 375-383.

358 4309 539 4378 Vtadislavo
562 4324 636 4390 rege
661 4303 815 4385 migrante
837 4296 878 4362 ad
902 4293 1071 4364 dominum,
1095 4287 1286 4355 Colomanus
1311 4279 1370 4346 sibi
1392 4277 1425 4342 in
1448 4293 1547 4356 regno

315 4415 475 4483 surressit.
500 4412 560 4476 Hie
583 4427 652 4475 curn
675 4410 762 4472 esset
784 4403 831 4466 vir
853 4400 968 4465 ferocis
992 4395 1096 4475 animi,
1119 4388 1284 4475 proposuit
1305 4391 1405 4451 totam
1428 4387 1546 4445 terram

318 4518 477 4601 usquead
499 4534 587 4581 mare
607 4511 807 4578 dalmaticum
830 4525 885 4570 suo
902 4502 1038 4567 dominio
1062 4499 1241 4580 subiugare.
1265 4489 1362 4556 Venit
1383 4503 1459 4568 ergo
1475 4501 1544 4548 euni

319 4624 417 4691 multo
441 4637 597 4688 armorum
621 4620 785 4700 apparatu,
808 4617 842 4678 et
863 4607 999 4674 obtinuit
1021 4613 1179 4669 caeteram
1205 4603 1327 4681 partem
1351 4588 1544 4670 Soiavoniae,

318 4745 399 4810 quae
422 4747 443 4792 a
464 4721 646 4790 Vladisiauo
668 4717 782 4795 iuerat,
806 4707 1038 4796 praetermissa.
1061 4705 1174 4786 Itaque
1189 4703 1230 4766 ad
1245 4717 1332 4766 mare
1355 4710 1454 4777 usque
1472 4708 1546 4773 per·
