3548 5282
1385 459 1450 523 459

210 661 361 730 honorem
391 659 527 728 nominis
550 660 667 729 domini
694 661 770 728 Iesu
794 665 827 728 et
849 665 980 729 sanctae
1003 661 1124 730 Mariae
1155 680 1281 746 semper
1303 629 1453 745 ¹virginis;

211 781 272 832 uec
304 782 366 830 non
401 771 436 831 et
457 764 546 830 aliud
567 763 740 830 claustrum
763 782 840 846 prae
863 763 985 832 foribus
1008 764 1160 832 basilicae
1192 765 1233 831 ad
1256 764 1451 832 occidentem

212 890 232 938 a
253 868 461 936 fundamento
483 869 689 935 mnsuuxitc.
1275 901 1279 906 ·

303 993 372 1055 Vita
394 991 573 1053 Theoderici
595 991 712 1053 abbatis
734 991 959 1069 Andaginensis.
985 1011 1011 1054 c.
1039 995 1090 1054 22.
1117 993 1221 1054 Perta:
1248 993 1327 1054 uon.
1352 993 1453 1055 Germ.

256 1081 326 1140 XIV
342 1077 407 1159 (SS.
424 1075 496 1158 ΧΠ)
512 1095 541 1154 p.
560 1079 611 1140 50.

298 1165 503 1226 Theudoricus
518 1170 583 1225 erat
598 1165 692 1224 abbas
703 1165 873 1224 monasterii
885 1181 908 1222 s.
922 1165 1047 1225 Huberti
1060 1167 1088 1225 in
1100 1165 1262 1227 Arduenna
1274 1166 1312 1226 ab
1325 1183 1353 1226 a.
1369 1169 1451 1228 1055

257 1269 352 1327 usqne
370 1252 409 1312 ad
424 1269 451 1312 a.
472 1252 564 1313 1087.
589 1251 659 1309 Mox
682 1252 750 1326 post
772 1250 864 1326 ipsius
887 1255 1009 1310 mortem
1033 1253 1202 1329 conscripta
1217 1256 1263 1312 est
1277 1253 1338 1312 rita
1355 1253 1453 1312 eiusa

258 1337 413 1414 monacho,
429 1337 472 1397 uti
488 1336 614 1412 uidetur,
631 1337 798 1396 monasterii
814 1337 978 1398 bobiensis.
1003 1337 1217 1398 wattenbach:
1234 1339 1454 1399 Dentsohlands

261 1423 555 1498 Gescbichtaquellcn
570 1423 608 1482 im
624 1423 795 1483 hiittslalter
809 1423 855 1482 Bd
881 1423 920 1500 11,
937 1422 967 1483 S.
985 1423 1122 1484 96-97.
1139 1425 1236 1484 Berlin
1255 1427 1346 1485 1874.

256 1541 261 1571 ¹
279 1539 317 1596 Ni
334 1539 423 1610 fallor,
442 1544 485 1595 cst
497 1537 785 1608 episcopusAlbarum
802 1539 1010 1608 maritimarum,
1029 1539 1099 1594 Zara
1117 1541 1235 1608 sacchia,
1254 1541 1282 1594 iu
1300 1540 1452 1608 Dalmatia;

216 1644 278 1684 nam
297 1629 325 1683 in
344 1626 445 1682 celebri
469 1625 518 1682 illa
535 1626 602 1682 urbe
625 1624 744 1694 Belgrad
767 1631 833 1680 tunc
857 1625 948 1682 nullus
974 1627 1027 1682 tuit
1050 1627 1205 1698 episcopus,
1231 1634 1260 1682 et
1283 1625 1355 1681 Alba
1379 1626 1455 1696 regia

213 1715 386 1785 praepositos
404 1719 510 1769 tautum
528 1711 632 1780 habuit,
652 1711 742 1768 nullos
760 1712 912 1782 episeopus.
934 1713 976 1767 W.
995 1713 1181 1770 Wattenbach
1197 1711 1261 1768 ibid.
1287 1713 1353 1769 Post
1371 1713 1453 1768 Prac-

215 1799 355 1870 rtautium,
379 1800 426 1870 qui
444 1799 480 1855 ad
503 1815 529 1856 a.
550 1801 721 1854 ruat—1076
740 1799 885 1854 adducitur
903 1803 975 1866 (acta
993 1815 1033 1855 nr.
1059 1802 1184 1870 86-92),
1209 1799 1311 1856 nidlius
1334 1800 1455 1870 episcopi

213 1887 400 1958 belgradensis
417 1885 449 1942 dt
466 1887 495 1942 iu
513 1886 583 1942 actis
600 1884 683 1941 huius
702 1885 804 1941 saeculi
823 1885 959 1941 memoria.

775 2194 905 2270 227.

214 2304 238 2364 l.
254 2303 310 2365 tut.

220 2437 419 2502 Vcoettorum
449 2437 516 2500 dua
544 2433 659 2502 Vitatis
686 2435 823 2503 Fodedro
847 2438 885 2503 ab
917 2440 1105 2524 imperatore
1127 2437 1239 2503 Alecto
1263 2437 1284 2501 1
1307 2437 1458 2502 Comneno

429 2540 678 2607 iurisdictionem
698 2543 732 2605 in
755 2538 951 2608 Dalmatiam
967 2543 1047 2627 petit
1070 2549 1098 2606 et
1120 2541 1242 2606 obtinet.

259 2679 374 2746 Vitalis
395 2678 555 2746 Phalcdro
578 2679 641 2746 dus
664 2681 860 2764 approbatur
884 2699 967 2747 anno
984 2680 1101 2747 domiui
1118 2681 1221 2748 nostri
1241 2681 1316 2748 Iesu
1338 2678 1458 2745 Christi

216 2783 385 2850 millesimo
408 2783 603 2864 octogesimo
627 2789 750 2864 quarto.
782 2783 843 2850 Hic
864 2784 1073 2868 promissione
1105 2789 1139 2850 et
1172 2784 1263 2851 donis
1299 2783 1457 2866 expulsio·

216 2906 288 2955 uem
321 2887 595 2970 praedecessoris²
629 2887 748 2971 populo
786 2887 954 2971 persuasit.
991 2888 1053 2967 Qui
1089 2885 1244 2972 Augusti⁸
1276 2885 1458 2954 hortatione

216 2991 377 3059 Andream
399 2989 599 3072 Michaelem,
622 2991 821 3059 Dominicum
851 2990 1000 3059 Dandulo
1021 2997 1055 3058 et
1075 2991 1230 3058 Jacobum
1253 2989 1351 3058 Aurio
1373 2990 1457 3074 lega-

215 3101 267 3163 tos
288 3093 591 3178 Constantinopolim
614 3095 707 3179 misit,
732 3101 768 3162 ut
780 3093 1016 3164 iurisdictiones
1038 3093 1217 3163 Dalmatiae
1239 3099 1273 3161 et
1296 3093 1456 3177 Croatiue,

216 3199 276 3266 sibi
300 3198 341 3265 ab
363 3197 475 3266 ineolis
492 3198 640 3285 traditae,
664 3198 835 3280 obtineret,
860 3217 941 3281 quas
957 3198 1303 3282 constantinopolitano
1326 3198 1459 3280 imperio

215 3303 377 3386 pertinere
400 3308 541 3386 noverat,
572 3303 647 3384 quia
670 3302 844 3370 secundum
866 3303 1144 3386 historiographos
1175 3301 1335 3369 Dalmatia
1357 3304 1458 3386 prima

214 3405 378 3489 provincia
400 3411 452 3473 est
474 3406 657 3491 Graeciac,⁸
680 3425 773 3489 quam
796 3407 829 3472 in
852 3407 1025 3489 partitione
1047 3407 1180 3490 imperii·
1193 3408 1278 3474 inter
1309 3405 1459 3472 Ceruium

216 3516 249 3578 et
278 3507 492 3592 Nicephorum
521 3529 579 3593 per
614 3510 776 3578 decretum
813 3511 967 3577 sancitum
1006 3509 1141 3578 Carolus
1165 3511 1296 3577 omentis
1327 3510 1459 3592 imperio

215 3613 336 3681 habere
366 3613 540 3696 permisit,⁴
563 3619 597 3680 et
615 3613 701 3679 illam
725 3631 826 3696 usque
860 3615 902 3680 ad
923 3619 1048 3697 tempus
1072 3613 1184 3680 Basilii
1206 3619 1240 3681 et
1261 3612 1461 3681 Constantini

215 3735 309 3800 reges
341 3721 375 3784 et
402 3715 562 3800 principes
593 3716 814 3798 praesidentes
843 3718 970 3785 uomina
990 3718 1094 3800 ipsius
1124 3721 1304 3784 tenuerunt
1337 3715 1460 3783 Euntcs

217 3827 325 3886 autem
354 3820 460 3904 legati,
486 3820 526 3887 ab
549 3817 659 3886 Alexio
689 3819 840 3887 alacriter
873 3820 943 3898 visi,
980 3821 1195 3887 crusobolium
1218 3820 1400 3886 Dalmatiae
1429 3823 1463 3886 et

215 3923 363 3989 Creatiae
396 3929 430 3990 et
464 3923 550 3989 sedis
583 3921 626 4006 (l)
659 3927 900 4004 protosevastos
932 3923 1167 3990 obtinuerunt.⁰
1201 3924 1324 4002 Quibus
1348 3927 1462 4005 postea

216 4027 363 4107 reversis,
387 4027 450 4092 dux
479 4044 537 4093 suo
560 4025 684 4093 addidit
705 4026 817 4108 titulo:
850 4025 1032 4093 Dalmatiae
1055 4033 1152 4109 atqua
1175 4026 1323 4094 Croutiae
1346 4032 1381 4093 et
1403 4028 1461 4092 im-

220 4131 350 4214 periclis
373 4130 642 4213 protesevastos.⁷

302 4274 338 4335 A.
367 4273 496 4333 Danduli
521 4273 680 4334 chronicon
703 4278 801 4336 venet.
825 4291 854 4350 p.
882 4274 946 4336 250
967 4273 1016 4334 ed.
1041 4274 1196 4334 Muratori.
1220 4272 1326 4346 Quoad
1348 4276 1465 4349 tempus

262 4360 330 4419 vide
344 4361 471 4420 Muralt:
487 4360 573 4420 Essai
591 4360 628 4420 de
644 4359 888 4437 Chreuographie
903 4361 1067 4436 Byzantina
1086 4359 1310 4420 1057-1453.
1326 4360 1350 4436 Ι,
1368 4359 1419 4420 57.

305 4446 462 4506 Caeterum
486 4445 545 4506 dux
571 4447 760 4517 venetiarum
783 4446 975 4522 regnantibus
991 4447 1020 4505 in
1036 4445 1187 4506 Dalmatia
1203 4449 1232 4506 at
1247 4445 1387 4506 Chroatia
1403 4447 1462 4506 De-

261 4533 365 4592 metrio
391 4531 547 4592 Svinimiro
573 4538 602 4593 et
625 4532 774 4609 Stephano
796 4533 836 4611 11,
860 4534 902 4592 uti
926 4537 993 4593 aeta
1009 4532 1095 4608 plura
1111 4529 1154 4611 (v.
1171 4549 1214 4592 ur.
1234 4534 1414 4593 117-126.
1430 4551 1461 4608 p.

163 4625 174 4644 ·
266 4621 326 4678 144
342 4616 398 4699 ss.)
413 4622 577 4698 testantur,
602 4621 748 4695 potestate
771 4618 837 4699 bac,
862 4637 880 4678 a
903 4620 1102 4680 Romanorum
1126 4616 1306 4694 imperatore
1329 4619 1460 4695 obtenta,

262 4705 305 4766 nti
320 4722 379 4768 uon
394 4704 499 4783 potuit.
524 4703 559 4768 V.
576 4703 653 4767 infra
667 4722 712 4767 nr.
731 4707 803 4783 229,
821 4707 851 4767 4.
