3548 5282
1395 449 1459 512 483

225 660 321 740 venit,
344 663 381 724 ut
403 658 547 725 civitatee
569 657 743 724 maritimas
766 662 943 739 occuparet.
981 654 1070 722 Tunc
1091 653 1132 721 ad
1166 652 1461 737 Spalatensem

222 765 381 831 civitatem
404 763 504 846 primo
528 763 670 842 accessit,
693 767 807 844 petens
830 759 961 844 pacifice
976 767 1012 826 nt
1026 779 1086 827 sua
1101 778 1136 826 se
1152 767 1264 842 sponte
1287 758 1462 826 dominatui

222 869 292 936 eius
323 869 516 936 subiicerent
538 885 596 933 nec
618 875 692 932 ante
716 866 937 949 pennitterent
966 866 1087 932 destrui
1111 883 1146 930 se
1170 870 1203 930 et
1225 882 1292 930 sua.
1325 863 1367 929 nt
1388 881 1464 930 vero

224 973 440 1056 Spalatenses,
471 970 647 1039 obfirmatis
677 971 758 1036 bene
791 971 905 1053 portis,
935 988 995 1053 per
1022 987 1183 1035 murorum
1206 968 1370 1034 circuitum
1393 987 1462 1035 cnm

223 1077 320 1144 armis
350 1075 456 1144 diffusi
486 1096 550 1144 non
583 1075 829 1160 acquiescebant
850 1075 935 1156 regi,
959 1080 1138 1140 metuentes
1163 1073 1334 1139 dominium
1358 1071 1463 1157 gentis

223 1183 353 1265 ignotae
374 1189 409 1250 et
430 1188 601 1248 extraneae
624 1182 777 1262 experiri3
805 1181 921 1262 quippe
945 1179 1124 1246 nescientes
1147 1179 1222 1260 quid
1244 1196 1300 1245 rex
1324 1177 1364 1243 de
1387 1176 1461 1242 civi-

224 1291 292 1354 tate
313 1286 366 1353 vel
388 1286 428 1354 de
450 1286 570 1352 civibus
601 1287 766 1368 cogitaret.
797 1283 877 1349 Tum
910 1302 964 1349 rex
1000 1289 1034 1350 et
1056 1283 1123 1350 eins
1145 1282 1303 1365 principes
1332 1280 1462 1364 indigne

224 1390 376 1474 ferentes,
400 1397 433 1457 et
456 1409 491 1458 se
514 1390 605 1474 qnasi
623 1395 857 1473 contemptosa
877 1387 1117 1472 Spalatensibns
1140 1387 1332 1454 arbitrantes
1348 1403 1461 1468 caepe·

226 1503 301 1562 runt
321 1497 422 1561 multa
445 1496 565 1562 civibus
589 1495 788 1579 comminari,
818 1501 852 1560 et
874 1495 985 1577 positis
1008 1491 1119 1560 castris
1144 1511 1206 1559 non
1229 1492 1324 1576 longe
1345 1510 1365 1558 a
1387 1490 1461 1558 civi·

225 1605 294 1667 tnta
324 1601 536 1667 devastabant
566 1617 710 1683 compos,
744 1598 958 1683 praedasque,
990 1616 1069 1680 quas
1098 1602 1261 1680 poterant,
1293 1595 1461 1663 faciebant.

225 1705 320 1772 Unde
342 1704 461 1772 lactum
485 1710 544 1790 est,
568 1710 604 1770 ut
627 1703 831 1787 Spalatenses
855 1704 1012 1770 obdurato
1036 1703 1143 1768 animo
1170 1708 1283 1768 cuncta
1304 1719 1461 1784 propone·

226 1817 298 1877 rent
328 1810 486 1878 sustinere
516 1809 657 1893 pericula
680 1816 713 1874 et
736 1809 851 1875 damna
873 1809 988 1890 potins,
1012 1826 1105 1890 quam
1128 1807 1234 1890 iugum
1266 1807 1464 1890 susciperent

226 1914 438 2000 llngarcrum.
475 1913 555 1982 Cum
586 1933 662 1997 ergo
687 1915 732 1980 sic
755 1913 951 1995 aliquantum
982 1913 1133 1994 temporis
1156 1911 1392 1994 pertransisset,
1415 1909 1463 1976 in·

226 2019 417 2087 tellexernnt
439 2019 568 2086 tandem
593 2036 652 2101 per
674 2017 906 2101 internuncios,
940 2017 1084 2083 homines
1114 2033 1186 2084 esse
1208 2015 1406 2094 christianos,
1431 2021 1465 2081 et

227 2124 312 2207 qnod
342 2143 398 2191 rex
427 2124 524 2191 vellet
558 2142 629 2190 curn
651 2125 699 2190 eis
720 2123 858 2204 benigne
881 2139 993 2206 agere,
1028 2120 1056 2186 si
1077 2139 1112 2186 se
1135 2120 1204 2186 eius
1227 2119 1338 2188 ditioni
1360 2118 1464 2186 adbuc

227 2227 358 2311 pacifice
380 2229 598 2312 subiugarent.
623 2227 712 2294 Tunc
735 2226 951 2310 Spalatenses,
975 2227 1059 2292 inter
1081 2245 1116 2292 se
1137 2222 1222 2290 iacto
1245 2223 1385 2303 consilio,
1406 2223 1464 2289 mi-

228 2338 339 2399 serunt
361 2331 580 2400 Crescentium
602 2332 875 2414 archiepiscopum
899 2331 940 2396 ad
964 2349 1073 2412 regem
1093 2327 1330 2408 colomannum,
1355 2345 1464 2410 param

228 2437 427 2519 postulantes
449 2437 489 2502 ab
511 2455 560 2504 eo.
584 2435 685 2514 Quem
708 2436 761 2502 ille
784 2437 921 2519 benigne
952 2434 1145 2517 suscipiens,
1178 2433 1290 2500 annuit
1319 2432 1464 2499 omnibus

226 2541 449 2623 petitionibus,
482 2559 561 2623 quas
594 2541 797 2623 Spalatenses
827 2540 971 2606 fecerant
992 2556 1050 2621 pro
1074 2537 1162 2620 pacis
1187 2537 1315 2604 foedere
1339 2554 1464 2619 compo·

227 2644 342 2711 nendo.
366 2645 463 2712 Facta
485 2646 582 2729 igitur
604 2645 835 2728 conscriptione
858 2646 1013 2722 omnium,
1046 2660 1127 2724 quae
1149 2641 1223 2707 hinc
1245 2641 1318 2708 inde
1340 2639 1465 2708 fuerant

228 2767 268 2815 ex
296 2749 495 2833 beneplacito
527 2749 685 2831 stabilita,
717 2750 835 2815 inravit
863 2767 918 2813 rex
949 2766 1019 2814 cum
1049 2747 1114 2813 suis
1144 2745 1337 2828 principibus
1360 2745 1465 2812 omnia

230 2852 363 2920 firmiter
387 2856 567 2921 observare.
591 2855 725 2921 Postera
746 2872 821 2921 uero
845 2853 896 2919 die
917 2853 1102 2918 iuraverunt
1125 2848 1338 2931 Spalatenses,
1362 2852 1465 2931 primo

230 2957 357 3040 quidem
379 2959 515 3026 maiores
539 2957 653 3026 deinde
675 2957 815 3024 iuniores
837 2963 950 3038 postea
965 2955 1078 3040 vulgus
1093 2973 1194 3034 omne,
1219 2960 1255 3020 ut
1270 2953 1465 3021 colomanno

230 3061 298 3146 regi
321 3068 354 3129 et
376 3063 445 3128 eins
468 3061 605 3145 posteris
636 3080 675 3128 ac
703 3080 800 3144 regno
824 3060 985 3145 Ungariae
1015 3059 1146 3126 subiecti
1178 3064 1211 3125 et
1241 3057 1352 3126 fideles
1383 3058 1467 3126 omni

229 3173 373 3248 tempore
396 3173 626 3249 permanerent.
651 3166 740 3232 Tunc
760 3185 815 3232 ren
838 3165 997 3232 civitatem
1018 3165 1199 3248 ingressus,
1227 3163 1319 3229 valde
1341 3163 1466 3230 honori·

231 3269 291 3338 lice
313 3291 333 3337 a
356 3271 441 3338 clero
465 3277 498 3338 et
520 3270 637 3354 populo
660 3276 827 3353 susceptus
849 3279 908 3336 est.
932 3269 976 3335 Et
997 3287 1034 3336 ea
1058 3269 1109 3335 die
1131 3268 1353 3350 procuratione
1377 3265 1466 3333 afflu-

229 3381 363 3442 entera
394 3373 550 3442 communi
585 3373 748 3458 suscepta,
784 3374 1000 3454 coniectisque
1035 3392 1073 3439 ac
1101 3371 1228 3439 traditis
1261 3370 1467 3437 immunitatis

230 3479 446 3564 privilegiis⁷⁵,
470 3480 634 3564 profectus
657 3485 715 3546 est.
740 3479 817 3546 lnde
840 3485 946 3545 autem
969 3478 1185 3560 pertransiens
1208 3474 1295 3541 venit
1317 3474 1467 3558 Tragu-

229 3585 354 3662 rium,
385 3591 418 3652 et
441 3584 555 3651 deinde
587 3585 800 3662 Jaderam,
823 3603 842 3648 a
865 3583 978 3666 quibus
1001 3582 1183 3648 civitatibus
1205 3579 1299 3647 simili
1322 3581 1467 3665 exemplo

232 3695 407 3771 susceptus,
431 3687 508 3755 lecit
527 3689 573 3754 eis
595 3687 751 3755 libertatis
774 3687 983 3770 privilegium.
1014 3685 1060 3751 Et
1088 3685 1134 3752 sic
1163 3685 1196 3752 in
1221 3682 1394 3766 Ungariam
1418 3691 1469 3752 est

235 3811 400 3877 regressus
423 3810 507 3859 anno
530 3791 648 3860 domini
670 3792 840 3858 millesimo
867 3790 1038 3858 centesimo
1061 3791 1165 3858 tertio.

317 3935 448 3998 Thomas
470 3934 630 3998 archidiac.
653 3937 761 4013 spalat.
785 3935 887 3996 histor.
911 3936 1003 3996 salon.
1030 3951 1055 3996 c.
1072 3933 1167 4012 XVII,
1183 3951 1214 4010 p.
1231 3934 1359 3994 bib-6
1377 3932 1425 3994 ed.
1441 3933 1469 3994 J.

273 4024 366 4086 Lucii.

320 4109 508 4174 Manifestum
525 4115 578 4187 est,
596 4128 615 4170 a
630 4109 746 4170 Thema
768 4108 975 4169 archidiacono
990 4109 1021 4167 in
1036 4112 1175 4168 contextn
1198 4106 1339 4168 historiae
1362 4107 1469 4166 saloni·

276 4199 365 4258 tanae
387 4197 480 4258 insius
504 4198 621 4274 exponi,
639 4214 696 4273 qno
713 4197 800 4256 modo
816 4195 969 4273 Spalatum
992 4212 1024 4255 ee
1040 4195 1105 4271 regi
1120 4193 1280 4255 Oolomano
1304 4193 1470 4273 subiacent,

276 4285 430 4362 occupatio
453 4302 525 4345 vero
547 4284 671 4344 aliarum
694 4284 861 4343 Dalmatiae
884 4283 1000 4342 urbium
1022 4299 1157 4342 necnon
1180 4280 1339 4342 chroatiae
1361 4279 1471 4340 ibidem

275 4370 417 4432 brevibus
432 4374 544 4431 tanturn
560 4370 681 4447 attingi,
705 4386 829 4446 qnorum
844 4371 968 4429 alterum
984 4385 1081 4443 neque
1096 4384 1204 4444 soopns
1220 4367 1320 4443 operis
1334 4383 1471 4428 necessa-

277 4458 321 4518 rio
337 4457 487 4534 exigebat.
504 4455 591 4531 Quod
607 4459 707 4533 itaque
722 4458 752 4517 in
767 4474 858 4533 opere
872 4457 938 4533 ipso
954 4456 1160 4537 praetermisit,
1180 4455 1329 4530 supplevit
1344 4455 1372 4513 in
1390 4471 1470 4532 „me-

279 4539 412 4606 moriali“
431 4546 581 4605 enarando
609 4545 701 4604 insius
708 4590 718 4624 ,
742 4561 800 4618 qno
817 4548 904 4620 paeto
920 4541 1078 4602 chroatiae
1091 4543 1219 4618 populns
1235 4541 1425 4602 Oolomanum
1441 4543 1470 4600 in

278 4647 380 4708 regem
396 4647 479 4690 annm
495 4632 625 4706 agnovit.
