<?xml version="1.0" encoding="UTF-8"?>
<!DOCTYPE html PUBLIC "-//W3C//DTD XHTML 1.0 Transitional//EN"
    "http://www.w3.org/TR/xhtml1/DTD/xhtml1-transitional.dtd">
<html xmlns="http://www.w3.org/1999/xhtml" xml:lang="en" lang="en">
 <head>
  <title>
</title>
<meta http-equiv="Content-Type" content="text/html;charset=utf-8" />
  <meta name='ocr-system' content='tesseract 3.04.00' />
  <meta name='ocr-capabilities' content='ocr_page ocr_carea ocr_par ocr_line ocrx_word'/>
</head>
<body>
  <div class='ocr_page' id='page_1' title='image "./documentahistor00ragoog_0313.png"; bbox 0 0 3604 5276; ppageno 0'>
   <div class='ocr_carea' id='block_1_1' title="bbox 1397 393 1460 458">
    <p class='ocr_par' dir='ltr' id='par_1_1' title="bbox 1397 393 1460 458">
     <span class='ocr_line' id='line_1_1' title="bbox 1397 393 1460 458; baseline 0 -3"><span class='ocrx_word' id='word_1_1' title='bbox 1397 393 1460 458; x_wconf 77' lang='grc'><strong>283</strong></span> 
     </span>
    </p>
   </div>
   <div class='ocr_carea' id='block_1_2' title="bbox 218 580 1459 991">
    <p class='ocr_par' dir='ltr' id='par_1_2' title="bbox 218 580 1459 991">
     <span class='ocr_line' id='line_1_2' title="bbox 219 580 1459 678; baseline 0.006 -26"><span class='ocrx_word' id='word_1_2' title='bbox 219 591 320 654; x_wconf 82' lang='grc' dir='ltr'>αὐτῶν</span> <span class='ocrx_word' id='word_1_3' title='bbox 341 587 500 678; x_wconf 74' lang='grc' dir='ltr'>ὑπάρχειν,</span> <span class='ocrx_word' id='word_1_4' title='bbox 534 590 584 654; x_wconf 90' lang='grc' dir='ltr'>καὶ</span> <span class='ocrx_word' id='word_1_5' title='bbox 606 587 700 662; x_wconf 76' lang='grc' dir='ltr'>αὐτ-δν</span> <span class='ocrx_word' id='word_1_6' title='bbox 721 580 825 655; x_wconf 83' lang='grc' dir='ltr'>ιἰποδέ-</span> <span class='ocrx_word' id='word_1_7' title='bbox 856 597 964 660; x_wconf 86' lang='lat' dir='ltr'><strong>essent</strong></span> <span class='ocrx_word' id='word_1_8' title='bbox 978 589 1120 678; x_wconf 69' lang='lat' dir='ltr'><strong>edomas,</strong></span> <span class='ocrx_word' id='word_1_9' title='bbox 1144 591 1224 660; x_wconf 86' lang='lat' dir='ltr'><strong>heeo</strong></span> <span class='ocrx_word' id='word_1_10' title='bbox 1247 597 1352 660; x_wconf 83' lang='lat' dir='ltr'><strong>autem</strong></span> <span class='ocrx_word' id='word_1_11' title='bbox 1381 595 1459 668; x_wconf 90' lang='lat' dir='ltr'><strong>sola,</strong></span> 
     </span>
     <span class='ocr_line' id='line_1_3' title="bbox 219 693 1458 782; baseline 0.006 -26"><span class='ocrx_word' id='word_1_12' title='bbox 219 694 330 782; x_wconf 77' lang='grc' dir='ltr'>χεσδαι</span> <span class='ocrx_word' id='word_1_13' title='bbox 352 693 467 768; x_wconf 86' lang='grc' dir='ltr'>πάντας</span> <span class='ocrx_word' id='word_1_14' title='bbox 489 695 557 768; x_wconf 86' lang='grc' dir='ltr'>τοὺς</span> <span class='ocrx_word' id='word_1_15' title='bbox 575 693 742 782; x_wconf 80' lang='grc' dir='ltr'>άπορύγους</span> <span class='ocrx_word' id='word_1_16' title='bbox 764 704 825 758; x_wconf 79' lang='grc' dir='ltr'><strong>τῶν</strong></span> <span class='ocrx_word' id='word_1_17' title='bbox 855 703 891 762; x_wconf 89' lang='lat' dir='ltr'><strong>ut</strong></span> <span class='ocrx_word' id='word_1_18' title='bbox 907 697 1024 762; x_wconf 89' lang='lat' dir='ltr'><strong>dietum</strong></span> <span class='ocrx_word' id='word_1_19' title='bbox 1040 703 1099 776; x_wconf 92' lang='lat' dir='ltr'><strong>est,</strong></span> <span class='ocrx_word' id='word_1_20' title='bbox 1121 703 1313 780; x_wconf 82' lang='lat' dir='ltr'><strong>superesset,</strong></span> <span class='ocrx_word' id='word_1_21' title='bbox 1337 714 1458 764; x_wconf 90' lang='lat' dir='ltr'><strong>omnes-</strong></span> 
     </span>
     <span class='ocr_line' id='line_1_4' title="bbox 220 797 1459 887; baseline 0.005 -25"><span class='ocrx_word' id='word_1_22' title='bbox 220 799 254 862; x_wconf 81' lang='grc' dir='ltr'><strong>ἐκ</strong></span> <span class='ocrx_word' id='word_1_23' title='bbox 282 807 337 861; x_wconf 80' lang='grc' dir='ltr'>τοῦ</span> <span class='ocrx_word' id='word_1_24' title='bbox 359 799 519 881; x_wconf 73' lang='grc' dir='ltr'><strong>Λανουβίου</strong></span> <span class='ocrx_word' id='word_1_25' title='bbox 542 807 648 887; x_wconf 74' lang='grc' dir='ltr'>μερῶν,</span> <span class='ocrx_word' id='word_1_26' title='bbox 679 797 826 874; x_wconf 82' lang='grc' dir='ltr'>Πανονίας</span> <span class='ocrx_word' id='word_1_27' title='bbox 855 817 918 882; x_wconf 91' lang='lat' dir='ltr'><strong>que</strong></span> <span class='ocrx_word' id='word_1_28' title='bbox 940 822 959 868; x_wconf 91' lang='lat' dir='ltr'><strong>e</strong></span> <span class='ocrx_word' id='word_1_29' title='bbox 979 801 1119 868; x_wconf 81' lang='lat' dir='ltr'>Danubii</span> <span class='ocrx_word' id='word_1_30' title='bbox 1141 801 1300 883; x_wconf 86' lang='lat' dir='ltr'><strong>partibus,</strong></span> <span class='ocrx_word' id='word_1_31' title='bbox 1337 801 1459 868; x_wconf 90' lang='lat' dir='ltr'><strong>Panno·</strong></span> 
     </span>
     <span class='ocr_line' id='line_1_5' title="bbox 218 893 1459 991; baseline 0.004 -23"><span class='ocrx_word' id='word_1_32' title='bbox 218 925 255 968; x_wconf 85' lang='grc' dir='ltr'>τι</span> <span class='ocrx_word' id='word_1_33' title='bbox 275 904 326 966; x_wconf 77' lang='grc' dir='ltr'>καὶ</span> <span class='ocrx_word' id='word_1_34' title='bbox 354 901 466 976; x_wconf 82' lang='grc' dir='ltr'>Δακιάς</span> <span class='ocrx_word' id='word_1_35' title='bbox 493 905 543 966; x_wconf 85' lang='grc' dir='ltr'>καὶ</span> <span class='ocrx_word' id='word_1_36' title='bbox 566 893 745 991; x_wconf 71' lang='grc' dir='ltr'>Δαρδανίας,</span> <span class='ocrx_word' id='word_1_37' title='bbox 776 907 825 968; x_wconf 87' lang='grc' dir='ltr'>καὶ</span> <span class='ocrx_word' id='word_1_38' title='bbox 855 905 971 988; x_wconf 89' lang='lat' dir='ltr'><strong>uiaque</strong></span> <span class='ocrx_word' id='word_1_39' title='bbox 993 912 1026 971; x_wconf 91' lang='lat' dir='ltr'><strong>et</strong></span> <span class='ocrx_word' id='word_1_40' title='bbox 1049 906 1148 972; x_wconf 88' lang='lat' dir='ltr'><strong>Deoia</strong></span> <span class='ocrx_word' id='word_1_41' title='bbox 1168 913 1202 974; x_wconf 84' lang='lat' dir='ltr'><strong>et</strong></span> <span class='ocrx_word' id='word_1_42' title='bbox 1225 906 1395 982; x_wconf 88' lang='lat' dir='ltr'><strong>Dardania,</strong></span> <span class='ocrx_word' id='word_1_43' title='bbox 1410 925 1459 973; x_wconf 90' lang='lat' dir='ltr'><strong>re·</strong></span> 
     </span>
    </p>
   </div>
   <div class='ocr_carea' id='block_1_3' title="bbox 217 1007 1490 4006">
    <p class='ocr_par' dir='ltr' id='par_1_3' title="bbox 217 1007 1460 1286">
     <span class='ocr_line' id='line_1_6' title="bbox 218 1007 1460 1096; baseline 0.002 -23"><span class='ocrx_word' id='word_1_44' title='bbox 218 1017 279 1074; x_wconf 81' lang='grc' dir='ltr'><strong>τῶν</strong></span> <span class='ocrx_word' id='word_1_45' title='bbox 293 1011 403 1071; x_wconf 80' lang='grc' dir='ltr'>λοιπῶν</span> <span class='ocrx_word' id='word_1_46' title='bbox 423 1007 568 1096; x_wconf 72' lang='grc' dir='ltr'>έπαρριων</span> <span class='ocrx_word' id='word_1_47' title='bbox 583 1030 618 1071; x_wconf 79' lang='grc' dir='ltr'>τε</span> <span class='ocrx_word' id='word_1_48' title='bbox 633 1009 683 1071; x_wconf 87' lang='grc' dir='ltr'>καὶ</span> <span class='ocrx_word' id='word_1_49' title='bbox 698 1007 824 1082; x_wconf 84' lang='grc' dir='ltr'>πόλεων,</span> <span class='ocrx_word' id='word_1_50' title='bbox 855 1009 1011 1092; x_wconf 90' lang='lat' dir='ltr'><strong>liquisque</strong></span> <span class='ocrx_word' id='word_1_51' title='bbox 1044 1014 1078 1075; x_wconf 87' lang='lat' dir='ltr'><strong>et</strong></span> <span class='ocrx_word' id='word_1_52' title='bbox 1107 1009 1277 1092; x_wconf 81' lang='lat' dir='ltr'><strong>provinciis</strong></span> <span class='ocrx_word' id='word_1_53' title='bbox 1307 1018 1342 1077; x_wconf 88' lang='lat' dir='ltr'><strong>et</strong></span> <span class='ocrx_word' id='word_1_54' title='bbox 1372 1010 1460 1076; x_wconf 92' lang='lat' dir='ltr'><strong>urbi·</strong></span> 
     </span>
     <span class='ocr_line' id='line_1_7' title="bbox 217 1101 1460 1199; baseline 0.006 -24"><span class='ocrx_word' id='word_1_55' title='bbox 217 1115 267 1175; x_wconf 81' lang='lat' dir='ltr'><strong>aad</strong></span> <span class='ocrx_word' id='word_1_56' title='bbox 289 1111 319 1176; x_wconf 82' lang='grc' dir='ltr'>έν</span> <span class='ocrx_word' id='word_1_57' title='bbox 342 1114 421 1196; x_wconf 68' lang='grc' dir='ltr'>αὐτῇ</span> <span class='ocrx_word' id='word_1_58' title='bbox 444 1101 650 1199; x_wconf 74' lang='grc' dir='ltr'>ἐπιρεάδτσδαι.</span> <span class='ocrx_word' id='word_1_59' title='bbox 853 1113 930 1196; x_wconf 89' lang='lat' dir='ltr'><strong>bus,</strong></span> <span class='ocrx_word' id='word_1_60' title='bbox 963 1111 1146 1196; x_wconf 83' lang='lat' dir='ltr'><strong>transfugas</strong></span> <span class='ocrx_word' id='word_1_61' title='bbox 1177 1114 1333 1198; x_wconf 83' lang='lat' dir='ltr'><strong>reciperet</strong></span> <span class='ocrx_word' id='word_1_62' title='bbox 1363 1125 1460 1198; x_wconf 83' lang='lat' dir='ltr'><strong>atque</strong></span> 
     </span>
     <span class='ocr_line' id='line_1_8' title="bbox 856 1216 1234 1286; baseline 0.005 -4"><span class='ocrx_word' id='word_1_63' title='bbox 856 1218 888 1282; x_wconf 91' lang='lat' dir='ltr'><strong>in</strong></span> <span class='ocrx_word' id='word_1_64' title='bbox 911 1218 982 1284; x_wconf 88' lang='lat' dir='ltr'><strong>sinu</strong></span> <span class='ocrx_word' id='word_1_65' title='bbox 1005 1236 1063 1284; x_wconf 89' lang='lat' dir='ltr'><strong>suo</strong></span> <span class='ocrx_word' id='word_1_66' title='bbox 1085 1216 1234 1286; x_wconf 78' lang='lat' dir='ltr'><strong>feneret.¹</strong></span> 
     </span>
    </p>

    <p class='ocr_par' dir='ltr' id='par_1_4' title="bbox 219 1312 1490 4006">
     <span class='ocr_line' id='line_1_9' title="bbox 263 1312 1490 1408; baseline 0.002 -24"><span class='ocrx_word' id='word_1_67' title='bbox 263 1319 431 1408; x_wconf 78' lang='grc' dir='ltr'>Προδύμυς</span> <span class='ocrx_word' id='word_1_68' title='bbox 445 1312 494 1382; x_wconf 74' lang='grc' dir='ltr'>οὖν</span> <span class='ocrx_word' id='word_1_69' title='bbox 506 1321 652 1407; x_wconf 69' lang='grc' dir='ltr'>ὀλέρθιὶς</span> <span class='ocrx_word' id='word_1_70' title='bbox 662 1329 723 1384; x_wconf 84' lang='grc' dir='ltr'><strong>τῶν</strong></span> <span class='ocrx_word' id='word_1_71' title='bbox 736 1319 826 1402; x_wconf 85' lang='grc' dir='ltr'>Ἀβά-</span> <span class='ocrx_word' id='word_1_72' title='bbox 899 1320 1056 1388; x_wconf 82' lang='lat' dir='ltr'><strong>diaeriter</strong></span> <span class='ocrx_word' id='word_1_73' title='bbox 1078 1321 1176 1404; x_wconf 82' lang='lat' dir='ltr'><strong>igitur</strong></span> <span class='ocrx_word' id='word_1_74' title='bbox 1197 1322 1359 1404; x_wconf 85' lang='lat' dir='ltr'><strong>praefatus</strong></span> <span class='ocrx_word' id='word_1_75' title='bbox 1379 1321 1461 1387; x_wconf 78' lang='lat' dir='ltr'><strong>Ave·</strong></span> <span class='ocrx_word' id='word_1_76' title='bbox 1482 1359 1490 1374; x_wconf 86' lang='lat'><strong>·</strong></span> 
     </span>
     <span class='ocr_line' id='line_1_10' title="bbox 221 1422 1461 1512; baseline 0.005 -26"><span class='ocrx_word' id='word_1_77' title='bbox 221 1449 275 1512; x_wconf 84' lang='grc' dir='ltr'><strong>ρων</strong></span> <span class='ocrx_word' id='word_1_78' title='bbox 297 1422 428 1512; x_wconf 77' lang='grc' dir='ltr'>χάγανος</span> <span class='ocrx_word' id='word_1_79' title='bbox 450 1424 487 1492; x_wconf 77' lang='grc' dir='ltr'><strong>τὸ</strong></span> <span class='ocrx_word' id='word_1_80' title='bbox 510 1422 636 1495; x_wconf 74' lang='grc' dir='ltr'>αἰτηθὲν</span> <span class='ocrx_word' id='word_1_81' title='bbox 651 1424 716 1511; x_wconf 84' lang='grc' dir='ltr'>παρ’</span> <span class='ocrx_word' id='word_1_82' title='bbox 728 1427 827 1487; x_wconf 83' lang='grc' dir='ltr'>αὐτῶν</span> <span class='ocrx_word' id='word_1_83' title='bbox 856 1443 926 1492; x_wconf 85' lang='lat' dir='ltr'><strong>rum</strong></span> <span class='ocrx_word' id='word_1_84' title='bbox 950 1425 1127 1510; x_wconf 73' lang='lat' dir='ltr'>chaganus,</span> <span class='ocrx_word' id='word_1_85' title='bbox 1158 1427 1242 1507; x_wconf 88' lang='lat' dir='ltr'><strong>quod</strong></span> <span class='ocrx_word' id='word_1_86' title='bbox 1266 1425 1461 1509; x_wconf 75' lang='lat' dir='ltr'><strong>postulatum</strong></span> 
     </span>
     <span class='ocr_line' id='line_1_11' title="bbox 221 1518 1462 1616; baseline 0.002 -24"><span class='ocrx_word' id='word_1_87' title='bbox 221 1530 407 1616; x_wconf 81' lang='grc' dir='ltr'>έαπληρῶσαι</span> <span class='ocrx_word' id='word_1_88' title='bbox 422 1520 595 1612; x_wconf 79' lang='grc' dir='ltr'>σπουδάζων</span> <span class='ocrx_word' id='word_1_89' title='bbox 615 1528 655 1592; x_wconf 82' lang='grc' dir='ltr'>τά</span> <span class='ocrx_word' id='word_1_90' title='bbox 678 1518 826 1616; x_wconf 72' lang='grc' dir='ltr'>ἐνδότερον</span> <span class='ocrx_word' id='word_1_91' title='bbox 855 1530 1001 1613; x_wconf 87' lang='lat' dir='ltr'><strong>perillus</strong></span> <span class='ocrx_word' id='word_1_92' title='bbox 1018 1536 1096 1611; x_wconf 83' lang='lat' dir='ltr'><strong>erat,</strong></span> <span class='ocrx_word' id='word_1_93' title='bbox 1119 1530 1295 1612; x_wconf 90' lang='lat' dir='ltr'><strong>adimplere</strong></span> <span class='ocrx_word' id='word_1_94' title='bbox 1319 1528 1462 1608; x_wconf 77' lang='lat' dir='ltr'><strong>studens,</strong></span> 
     </span>
     <span class='ocr_line' id='line_1_12' title="bbox 221 1624 1463 1720; baseline 0.001 -24"><span class='ocrx_word' id='word_1_95' title='bbox 221 1637 314 1697; x_wconf 78' lang='grc' dir='ltr'>αὐτοῦ</span> <span class='ocrx_word' id='word_1_96' title='bbox 346 1637 448 1696; x_wconf 81' lang='grc' dir='ltr'>πάντα</span> <span class='ocrx_word' id='word_1_97' title='bbox 477 1624 609 1720; x_wconf 67' lang='grc' dir='ltr'>βάρῧνιρα</span> <span class='ocrx_word' id='word_1_98' title='bbox 632 1631 711 1719; x_wconf 80' lang='grc' dir='ltr'>φύλα</span> <span class='ocrx_word' id='word_1_99' title='bbox 740 1655 826 1696; x_wconf 75' lang='lat' dir='ltr'><strong>mosu-</strong></span> <span class='ocrx_word' id='word_1_100' title='bbox 857 1633 1023 1704; x_wconf 74' lang='lat' dir='ltr'><strong>interiores</strong></span> <span class='ocrx_word' id='word_1_101' title='bbox 1064 1652 1174 1701; x_wconf 81' lang='lat' dir='ltr'><strong>omnes</strong></span> <span class='ocrx_word' id='word_1_102' title='bbox 1216 1633 1345 1700; x_wconf 80' lang='lat' dir='ltr'><strong>ditionis</strong></span> <span class='ocrx_word' id='word_1_103' title='bbox 1386 1650 1463 1698; x_wconf 83' lang='lat' dir='ltr'><strong>suae</strong></span> 
     </span>
     <span class='ocr_line' id='line_1_13' title="bbox 220 1733 1464 1825; baseline 0.002 -25"><span class='ocrx_word' id='word_1_104' title='bbox 220 1738 350 1825; x_wconf 81' lang='grc' dir='ltr'>δροίσας,</span> <span class='ocrx_word' id='word_1_105' title='bbox 373 1737 438 1822; x_wconf 82' lang='grc' dir='ltr'><strong>άρα</strong></span> <span class='ocrx_word' id='word_1_106' title='bbox 460 1759 495 1799; x_wconf 82' lang='grc' dir='ltr'>τε</span> <span class='ocrx_word' id='word_1_107' title='bbox 517 1745 578 1800; x_wconf 81' lang='grc' dir='ltr'><strong>τῶν</strong></span> <span class='ocrx_word' id='word_1_108' title='bbox 593 1735 715 1800; x_wconf 86' lang='grc' dir='ltr'>πάντων</span> <span class='ocrx_word' id='word_1_109' title='bbox 726 1733 827 1800; x_wconf 81' lang='grc' dir='ltr'>Σαλα-</span> <span class='ocrx_word' id='word_1_110' title='bbox 856 1737 1003 1804; x_wconf 86' lang='lat' dir='ltr'><strong>nationes</strong></span> <span class='ocrx_word' id='word_1_111' title='bbox 1019 1739 1173 1805; x_wconf 86' lang='lat' dir='ltr'><strong>barbaras</strong></span> <span class='ocrx_word' id='word_1_112' title='bbox 1196 1757 1259 1803; x_wconf 90' lang='lat' dir='ltr'><strong>uua</strong></span> <span class='ocrx_word' id='word_1_113' title='bbox 1282 1755 1352 1803; x_wconf 86' lang='lat' dir='ltr'><strong>cum</strong></span> <span class='ocrx_word' id='word_1_114' title='bbox 1377 1735 1464 1802; x_wconf 84' lang='lat' dir='ltr'><strong>Sola-</strong></span> 
     </span>
     <span class='ocr_line' id='line_1_14' title="bbox 220 1833 1460 1928; baseline 0.002 -25"><span class='ocrx_word' id='word_1_115' title='bbox 220 1833 304 1904; x_wconf 73' lang='grc' dir='ltr'>61νων</span> <span class='ocrx_word' id='word_1_116' title='bbox 333 1843 384 1904; x_wconf 83' lang='grc' dir='ltr'>καὶ</span> <span class='ocrx_word' id='word_1_117' title='bbox 412 1837 587 1928; x_wconf 81' lang='grc' dir='ltr'>Βουλγάρων</span> <span class='ocrx_word' id='word_1_118' title='bbox 617 1843 667 1902; x_wconf 89' lang='grc' dir='ltr'>καὶ</span> <span class='ocrx_word' id='word_1_119' title='bbox 689 1841 823 1928; x_wconf 80' lang='grc' dir='ltr'>ἀπείρων,</span> <span class='ocrx_word' id='word_1_120' title='bbox 855 1860 965 1909; x_wconf 88' lang='lat' dir='ltr'><strong>uorum</strong></span> <span class='ocrx_word' id='word_1_121' title='bbox 1003 1843 1142 1908; x_wconf 91' lang='lat' dir='ltr'><strong>omnium</strong></span> <span class='ocrx_word' id='word_1_122' title='bbox 1179 1848 1214 1908; x_wconf 86' lang='lat' dir='ltr'><strong>et</strong></span> <span class='ocrx_word' id='word_1_123' title='bbox 1249 1841 1460 1925; x_wconf 84' lang='lat' dir='ltr'><strong>Buigarorum</strong></span> 
     </span>
     <span class='ocr_line' id='line_1_15' title="bbox 221 1942 1463 2032; baseline 0.002 -24"><span class='ocrx_word' id='word_1_124' title='bbox 221 1945 316 2008; x_wconf 69' lang='grc' dir='ltr'>έδιῶν</span> <span class='ocrx_word' id='word_1_125' title='bbox 331 1945 524 2032; x_wconf 72' lang='grc' dir='ltr'>άναριδμέτῳ</span> <span class='ocrx_word' id='word_1_126' title='bbox 538 1947 614 2018; x_wconf 86' lang='grc' dir='ltr'>λαῶ,</span> <span class='ocrx_word' id='word_1_127' title='bbox 637 1942 828 2032; x_wconf 68' lang='grc' dir='ltr'>παρετάξατο</span> <span class='ocrx_word' id='word_1_128' title='bbox 858 1947 1064 2028; x_wconf 82' lang='lat' dir='ltr'><strong>gentiumque</strong></span> <span class='ocrx_word' id='word_1_129' title='bbox 1101 1963 1232 2013; x_wconf 87' lang='lat' dir='ltr'><strong>numero</strong></span> <span class='ocrx_word' id='word_1_130' title='bbox 1270 1943 1463 2012; x_wconf 84' lang='lat' dir='ltr'><strong>infinitarum</strong></span> 
     </span>
     <span class='ocr_line' id='line_1_16' title="bbox 221 2039 1463 2136; baseline 0.002 -24"><span class='ocrx_word' id='word_1_131' title='bbox 221 2049 300 2135; x_wconf 78' lang='grc' dir='ltr'>μετὰ</span> <span class='ocrx_word' id='word_1_132' title='bbox 328 2039 412 2120; x_wconf 74' lang='grc' dir='ltr'>διετῆ</span> <span class='ocrx_word' id='word_1_133' title='bbox 439 2048 541 2136; x_wconf 75' lang='grc' dir='ltr'>χρόνον</span> <span class='ocrx_word' id='word_1_134' title='bbox 571 2057 611 2132; x_wconf 67' lang='grc' dir='ltr'>τῇ</span> <span class='ocrx_word' id='word_1_135' title='bbox 645 2071 826 2136; x_wconf 80' lang='grc' dir='ltr'>μαρτυρορυ-</span> <span class='ocrx_word' id='word_1_136' title='bbox 855 2051 975 2132; x_wconf 84' lang='lat' dir='ltr'><strong>populo</strong></span> <span class='ocrx_word' id='word_1_137' title='bbox 1001 2057 1211 2134; x_wconf 81' lang='lat' dir='ltr'><strong>congregatae</strong></span> <span class='ocrx_word' id='word_1_138' title='bbox 1234 2057 1307 2134; x_wconf 93' lang='lat' dir='ltr'><strong>post</strong></span> <span class='ocrx_word' id='word_1_139' title='bbox 1329 2049 1463 2116; x_wconf 93' lang='lat' dir='ltr'><strong>duorum</strong></span> 
     </span>
     <span class='ocr_line' id='line_1_17' title="bbox 220 2150 1462 2238; baseline 0.002 -22"><span class='ocrx_word' id='word_1_140' title='bbox 220 2150 326 2234; x_wconf 79' lang='grc' dir='ltr'>λάκπῳ</span> <span class='ocrx_word' id='word_1_141' title='bbox 354 2151 454 2224; x_wconf 81' lang='grc' dir='ltr'>ταύτη</span> <span class='ocrx_word' id='word_1_142' title='bbox 483 2156 567 2238; x_wconf 66' lang='grc' dir='ltr'>ἡμῶν</span> <span class='ocrx_word' id='word_1_143' title='bbox 589 2150 683 2226; x_wconf 76' lang='grc' dir='ltr'>πόλει,</span> <span class='ocrx_word' id='word_1_144' title='bbox 706 2154 756 2215; x_wconf 83' lang='grc' dir='ltr'>καὶ</span> <span class='ocrx_word' id='word_1_145' title='bbox 778 2156 827 2214; x_wconf 77' lang='lat' dir='ltr'><strong>tu·</strong></span> <span class='ocrx_word' id='word_1_146' title='bbox 857 2173 1010 2220; x_wconf 90' lang='lat' dir='ltr'><strong>annorum</strong></span> <span class='ocrx_word' id='word_1_147' title='bbox 1026 2155 1163 2237; x_wconf 88' lang='lat' dir='ltr'><strong>spatium</strong></span> <span class='ocrx_word' id='word_1_148' title='bbox 1180 2155 1212 2219; x_wconf 94' lang='lat' dir='ltr'><strong>in</strong></span> <span class='ocrx_word' id='word_1_149' title='bbox 1227 2154 1462 2222; x_wconf 72' lang='lat' dir='ltr'><strong>hauonostmm</strong></span> 
     </span>
     <span class='ocr_line' id='line_1_18' title="bbox 221 2245 1463 2344; baseline 0.001 -24"><span class='ocrx_word' id='word_1_150' title='bbox 221 2255 294 2330; x_wconf 86' lang='grc' dir='ltr'>πέας</span> <span class='ocrx_word' id='word_1_151' title='bbox 308 2255 479 2329; x_wconf 76' lang='grc' dir='ltr'>ἐπιλέκτους</span> <span class='ocrx_word' id='word_1_152' title='bbox 494 2245 825 2344; x_wconf 69' lang='grc' dir='ltr'>έρααθοπλίσαςδρέριῳ</span> <span class='ocrx_word' id='word_1_153' title='bbox 856 2277 876 2323; x_wconf 91' lang='lat' dir='ltr'><strong>a</strong></span> <span class='ocrx_word' id='word_1_154' title='bbox 906 2259 1098 2340; x_wconf 83' lang='lat' dir='ltr'>martyribus</span> <span class='ocrx_word' id='word_1_155' title='bbox 1133 2258 1323 2324; x_wconf 72' lang='lat' dir='ltr'><strong>custoditam</strong></span> <span class='ocrx_word' id='word_1_156' title='bbox 1354 2258 1463 2323; x_wconf 84' lang='lat' dir='ltr'><strong>civita·</strong></span> 
     </span>
     <span class='ocr_line' id='line_1_19' title="bbox 220 2355 1463 2448; baseline 0.001 -24"><span class='ocrx_word' id='word_1_157' title='bbox 220 2357 389 2448; x_wconf 77' lang='grc' dir='ltr'>ταχυτάτῳ</span> <span class='ocrx_word' id='word_1_158' title='bbox 433 2355 615 2446; x_wconf 75' lang='grc' dir='ltr'>προέπεμψεν</span> <span class='ocrx_word' id='word_1_159' title='bbox 666 2358 826 2446; x_wconf 72' lang='grc' dir='ltr'>ἀγνώστοις</span> <span class='ocrx_word' id='word_1_160' title='bbox 856 2367 921 2426; x_wconf 90' lang='lat' dir='ltr'><strong>tem</strong></span> <span class='ocrx_word' id='word_1_161' title='bbox 937 2362 1097 2438; x_wconf 80' lang='lat' dir='ltr'>instruxit,</span> <span class='ocrx_word' id='word_1_162' title='bbox 1121 2378 1256 2443; x_wconf 85' lang='lat' dir='ltr'><strong>eumque</strong></span> <span class='ocrx_word' id='word_1_163' title='bbox 1272 2361 1397 2443; x_wconf 85' lang='lat' dir='ltr'><strong>equites</strong></span> <span class='ocrx_word' id='word_1_164' title='bbox 1413 2378 1463 2426; x_wconf 87' lang='lat' dir='ltr'><strong>se-</strong></span> 
     </span>
     <span class='ocr_line' id='line_1_20' title="bbox 221 2455 1463 2550; baseline 0 -22"><span class='ocrx_word' id='word_1_165' title='bbox 221 2455 355 2534; x_wconf 67' lang='grc' dir='ltr'>έπιδῆναι</span> <span class='ocrx_word' id='word_1_166' title='bbox 376 2462 484 2550; x_wconf 73' lang='grc' dir='ltr'>ἀθρόον</span> <span class='ocrx_word' id='word_1_167' title='bbox 506 2471 547 2546; x_wconf 69' lang='grc' dir='ltr'>πρ</span> <span class='ocrx_word' id='word_1_168' title='bbox 569 2461 670 2545; x_wconf 83' lang='grc' dir='ltr'>πόλει,</span> <span class='ocrx_word' id='word_1_169' title='bbox 704 2463 827 2527; x_wconf 75' lang='grc' dir='ltr'>καὶτὸν</span> <span class='ocrx_word' id='word_1_170' title='bbox 856 2463 955 2530; x_wconf 83' lang='lat' dir='ltr'><strong>lectos</strong></span> <span class='ocrx_word' id='word_1_171' title='bbox 987 2469 1158 2548; x_wconf 80' lang='lat' dir='ltr'><strong>armasset,</strong></span> <span class='ocrx_word' id='word_1_172' title='bbox 1190 2483 1262 2544; x_wconf 89' lang='lat' dir='ltr'><strong>eos,</strong></span> <span class='ocrx_word' id='word_1_173' title='bbox 1293 2469 1329 2530; x_wconf 90' lang='lat' dir='ltr'><strong>ut</strong></span> <span class='ocrx_word' id='word_1_174' title='bbox 1359 2463 1463 2530; x_wconf 86' lang='lat' dir='ltr'><strong>subito</strong></span> 
     </span>
     <span class='ocr_line' id='line_1_21' title="bbox 220 2558 1460 2651; baseline 0.001 -21"><span class='ocrx_word' id='word_1_175' title='bbox 220 2569 313 2641; x_wconf 70' lang='grc' dir='ltr'>αὐτῆς</span> <span class='ocrx_word' id='word_1_176' title='bbox 349 2567 422 2630; x_wconf 84' lang='grc' dir='ltr'>λαδν</span> <span class='ocrx_word' id='word_1_177' title='bbox 455 2568 509 2651; x_wconf 78' lang='grc' dir='ltr'><strong>έξω</strong></span> <span class='ocrx_word' id='word_1_178' title='bbox 542 2558 691 2640; x_wconf 68' lang='grc' dir='ltr'>λαέέντας</span> <span class='ocrx_word' id='word_1_179' title='bbox 724 2566 743 2637; x_wconf 82' lang='grc' dir='ltr'>ἤ</span> <span class='ocrx_word' id='word_1_180' title='bbox 777 2568 827 2630; x_wconf 79' lang='grc' dir='ltr'>καὶ</span> <span class='ocrx_word' id='word_1_181' title='bbox 856 2570 968 2634; x_wconf 88' lang='lat' dir='ltr'><strong>eontra</strong></span> <span class='ocrx_word' id='word_1_182' title='bbox 990 2567 1148 2634; x_wconf 80' lang='lat' dir='ltr'><strong>civitatem</strong></span> <span class='ocrx_word' id='word_1_183' title='bbox 1171 2567 1390 2650; x_wconf 86' lang='lat' dir='ltr'><strong>procederent,</strong></span> <span class='ocrx_word' id='word_1_184' title='bbox 1413 2565 1460 2631; x_wconf 90' lang='lat' dir='ltr'><strong>i·</strong></span> 
     </span>
     <span class='ocr_line' id='line_1_22' title="bbox 220 2669 1460 2759; baseline 0.003 -25"><span class='ocrx_word' id='word_1_185' title='bbox 220 2669 487 2759; x_wconf 73' lang='grc' dir='ltr'>κατασράξαντας,</span> <span class='ocrx_word' id='word_1_186' title='bbox 517 2670 592 2734; x_wconf 84' lang='grc' dir='ltr'>τότε</span> <span class='ocrx_word' id='word_1_187' title='bbox 614 2669 692 2759; x_wconf 68' lang='lat' dir='ltr'><strong>psa&amp;</strong></span> <span class='ocrx_word' id='word_1_188' title='bbox 715 2673 826 2758; x_wconf 82' lang='grc' dir='ltr'>άναρο-</span> <span class='ocrx_word' id='word_1_189' title='bbox 856 2671 964 2754; x_wconf 89' lang='lat' dir='ltr'><strong>risque</strong></span> <span class='ocrx_word' id='word_1_190' title='bbox 992 2671 1086 2738; x_wconf 90' lang='lat' dir='ltr'><strong>huius</strong></span> <span class='ocrx_word' id='word_1_191' title='bbox 1115 2672 1232 2756; x_wconf 92' lang='lat' dir='ltr'><strong>populo</strong></span> <span class='ocrx_word' id='word_1_192' title='bbox 1261 2671 1460 2754; x_wconf 84' lang='lat' dir='ltr'><strong>apprehenso</strong></span> 
     </span>
     <span class='ocr_line' id='line_1_23' title="bbox 219 2773 1461 2864; baseline 0.002 -26"><span class='ocrx_word' id='word_1_193' title='bbox 219 2785 268 2848; x_wconf 67' lang='grc' dir='ltr'>τῆς</span> <span class='ocrx_word' id='word_1_194' title='bbox 297 2775 349 2838; x_wconf 79' lang='grc' dir='ltr'><strong>τὸν</strong></span> <span class='ocrx_word' id='word_1_195' title='bbox 381 2773 535 2863; x_wconf 71' lang='grc' dir='ltr'>λεχθέντα</span> <span class='ocrx_word' id='word_1_196' title='bbox 567 2775 700 2864; x_wconf 77' lang='grc' dir='ltr'>χάγανον</span> <span class='ocrx_word' id='word_1_197' title='bbox 730 2795 828 2838; x_wconf 87' lang='grc' dir='ltr'>αατα-</span> <span class='ocrx_word' id='word_1_198' title='bbox 859 2776 1018 2860; x_wconf 88' lang='lat' dir='ltr'><strong>oooieove,</strong></span> <span class='ocrx_word' id='word_1_199' title='bbox 1057 2795 1115 2843; x_wconf 89' lang='lat' dir='ltr'><strong>suo</strong></span> <span class='ocrx_word' id='word_1_200' title='bbox 1150 2775 1264 2842; x_wconf 90' lang='lat' dir='ltr'><strong>deinde</strong></span> <span class='ocrx_word' id='word_1_201' title='bbox 1297 2774 1461 2842; x_wconf 79' lang='lat' dir='ltr'><strong>commodo</strong></span> 
     </span>
     <span class='ocr_line' id='line_1_24' title="bbox 220 2870 1462 2968; baseline -0.001 -25"><span class='ocrx_word' id='word_1_202' title='bbox 220 2870 380 2968; x_wconf 70' lang='grc' dir='ltr'>λαριδάνειν</span> <span class='ocrx_word' id='word_1_203' title='bbox 409 2878 488 2967; x_wconf 67' lang='lat' dir='ltr'><strong>pse&amp;</strong></span> <span class='ocrx_word' id='word_1_204' title='bbox 518 2883 569 2943; x_wconf 87' lang='grc' dir='ltr'>καὶ</span> <span class='ocrx_word' id='word_1_205' title='bbox 597 2889 652 2942; x_wconf 79' lang='grc' dir='ltr'>τοῦ</span> <span class='ocrx_word' id='word_1_206' title='bbox 684 2879 751 2968; x_wconf 84' lang='grc' dir='ltr'>παρ’</span> <span class='ocrx_word' id='word_1_207' title='bbox 773 2881 825 2942; x_wconf 88' lang='grc' dir='ltr'>αιἰ-</span> <span class='ocrx_word' id='word_1_208' title='bbox 855 2879 973 2945; x_wconf 89' lang='lat' dir='ltr'><strong>diotum</strong></span> <span class='ocrx_word' id='word_1_209' title='bbox 1004 2879 1181 2962; x_wconf 76' lang='lat' dir='ltr'><strong>theganum</strong></span> <span class='ocrx_word' id='word_1_210' title='bbox 1209 2877 1365 2945; x_wconf 82' lang='lat' dir='ltr'><strong>unacum</strong></span> <span class='ocrx_word' id='word_1_211' title='bbox 1388 2895 1462 2944; x_wconf 89' lang='lat' dir='ltr'><strong>eon-</strong></span> 
     </span>
     <span class='ocr_line' id='line_1_25' title="bbox 220 2967 1461 3070; baseline -0.001 -22"><span class='ocrx_word' id='word_1_212' title='bbox 220 2991 275 3048; x_wconf 79' lang='grc' dir='ltr'>τοῦ</span> <span class='ocrx_word' id='word_1_213' title='bbox 297 2967 580 3070; x_wconf 77' lang='grc' dir='ltr'>κατασυναχθέντος</span> <span class='ocrx_word' id='word_1_214' title='bbox 601 2985 677 3047; x_wconf 77' lang='grc' dir='ltr'>λαοῦ</span> <span class='ocrx_word' id='word_1_215' title='bbox 694 2991 749 3048; x_wconf 77' lang='grc' dir='ltr'>τοῦ</span> <span class='ocrx_word' id='word_1_216' title='bbox 764 2983 826 3047; x_wconf 88' lang='grc' dir='ltr'>έπι-</span> <span class='ocrx_word' id='word_1_217' title='bbox 855 2989 988 3069; x_wconf 77' lang='lat' dir='ltr'><strong>gregato</strong></span> <span class='ocrx_word' id='word_1_218' title='bbox 1007 2984 1048 3052; x_wconf 92' lang='lat' dir='ltr'><strong>ab</strong></span> <span class='ocrx_word' id='word_1_219' title='bbox 1071 3002 1110 3051; x_wconf 91' lang='lat' dir='ltr'><strong>eo</strong></span> <span class='ocrx_word' id='word_1_220' title='bbox 1131 2983 1258 3066; x_wconf 91' lang='lat' dir='ltr'><strong>populo,</strong></span> <span class='ocrx_word' id='word_1_221' title='bbox 1283 2984 1336 3066; x_wconf 93' lang='lat' dir='ltr'><strong>qui</strong></span> <span class='ocrx_word' id='word_1_222' title='bbox 1359 2981 1461 3048; x_wconf 85' lang='lat' dir='ltr'><strong>diver-</strong></span> 
     </span>
     <span class='ocr_line' id='line_1_26' title="bbox 220 3077 1461 3176; baseline 0 -25"><span class='ocrx_word' id='word_1_223' title='bbox 220 3077 535 3176; x_wconf 76' lang='grc' dir='ltr'>ριρορένυυδιαρέρους</span> <span class='ocrx_word' id='word_1_224' title='bbox 549 3110 737 3164; x_wconf 71' lang='grc' dir='ltr'>κατάπαυσις</span> <span class='ocrx_word' id='word_1_225' title='bbox 749 3111 827 3176; x_wconf 79' lang='grc' dir='ltr'>μαγ-</span> <span class='ocrx_word' id='word_1_226' title='bbox 859 3106 927 3156; x_wconf 89' lang='lat' dir='ltr'><strong>sum</strong></span> <span class='ocrx_word' id='word_1_227' title='bbox 940 3087 1350 3157; x_wconf 82' lang='lat' dir='ltr'><strong>machinammbellicarum</strong></span> <span class='ocrx_word' id='word_1_228' title='bbox 1363 3105 1461 3168; x_wconf 90' lang='lat' dir='ltr'><strong>appa·</strong></span> 
     </span>
     <span class='ocr_line' id='line_1_27' title="bbox 221 3189 1461 3280; baseline 0.002 -26"><span class='ocrx_word' id='word_1_229' title='bbox 221 3189 318 3278; x_wconf 85' lang='grc' dir='ltr'>γάνων</span> <span class='ocrx_word' id='word_1_230' title='bbox 340 3191 571 3278; x_wconf 79' lang='grc' dir='ltr'>πολιμιστορέων</span> <span class='ocrx_word' id='word_1_231' title='bbox 593 3192 661 3278; x_wconf 80' lang='grc' dir='ltr'>πρὸς</span> <span class='ocrx_word' id='word_1_232' title='bbox 683 3191 826 3280; x_wconf 75' lang='grc' dir='ltr'>πόρθησιν</span> <span class='ocrx_word' id='word_1_233' title='bbox 856 3197 960 3261; x_wconf 89' lang='lat' dir='ltr'><strong>ratum</strong></span> <span class='ocrx_word' id='word_1_234' title='bbox 996 3193 1038 3260; x_wconf 92' lang='lat' dir='ltr'><strong>ad</strong></span> <span class='ocrx_word' id='word_1_235' title='bbox 1070 3193 1205 3276; x_wconf 85' lang='lat' dir='ltr'><strong>patriam</strong></span> <span class='ocrx_word' id='word_1_236' title='bbox 1239 3201 1377 3258; x_wconf 90' lang='lat' dir='ltr'><strong>nostram</strong></span> <span class='ocrx_word' id='word_1_237' title='bbox 1408 3209 1461 3256; x_wconf 85' lang='lat' dir='ltr'><strong>ex·</strong></span> 
     </span>
     <span class='ocr_line' id='line_1_28' title="bbox 220 3285 1462 3382; baseline -0.004 -18"><span class='ocrx_word' id='word_1_238' title='bbox 220 3303 276 3368; x_wconf 75' lang='grc' dir='ltr'><strong>τῆς</strong></span> <span class='ocrx_word' id='word_1_239' title='bbox 297 3293 369 3358; x_wconf 77' lang='grc' dir='ltr'><strong>καθ’</strong></span> <span class='ocrx_word' id='word_1_240' title='bbox 389 3303 466 3381; x_wconf 72' lang='grc' dir='ltr'>ἡμᾶς</span> <span class='ocrx_word' id='word_1_241' title='bbox 480 3285 628 3382; x_wconf 73' lang='grc' dir='ltr'>πατρίδος.</span> <span class='ocrx_word' id='word_1_242' title='bbox 651 3297 702 3358; x_wconf 87' lang='grc' dir='ltr'>καὶ</span> <span class='ocrx_word' id='word_1_243' title='bbox 728 3293 826 3380; x_wconf 65' lang='grc' dir='ltr'>ταύτῃ</span> <span class='ocrx_word' id='word_1_244' title='bbox 857 3297 1059 3380; x_wconf 85' lang='lat' dir='ltr'><strong>pugnandam</strong></span> <span class='ocrx_word' id='word_1_245' title='bbox 1083 3295 1234 3372; x_wconf 84' lang='lat' dir='ltr'><strong>ducebat,</strong></span> <span class='ocrx_word' id='word_1_246' title='bbox 1265 3293 1462 3372; x_wconf 78' lang='lat' dir='ltr'><strong>accederent,</strong></span> 
     </span>
     <span class='ocr_line' id='line_1_29' title="bbox 222 3397 1464 3487; baseline 0 -25"><span class='ocrx_word' id='word_1_247' title='bbox 222 3407 262 3485; x_wconf 76' lang='grc' dir='ltr'>τῇ</span> <span class='ocrx_word' id='word_1_248' title='bbox 291 3399 385 3483; x_wconf 75' lang='grc' dir='ltr'>βουλῇ</span> <span class='ocrx_word' id='word_1_249' title='bbox 414 3401 464 3462; x_wconf 89' lang='grc' dir='ltr'>καὶ</span> <span class='ocrx_word' id='word_1_250' title='bbox 491 3408 537 3480; x_wconf 80' lang='grc' dir='ltr'>τῷ</span> <span class='ocrx_word' id='word_1_251' title='bbox 563 3401 665 3487; x_wconf 85' lang='grc' dir='ltr'>τρόπῳ</span> <span class='ocrx_word' id='word_1_252' title='bbox 686 3399 724 3463; x_wconf 77' lang='grc' dir='ltr'>τὰ</span> <span class='ocrx_word' id='word_1_253' title='bbox 746 3401 827 3464; x_wconf 80' lang='grc' dir='ltr'>ἅπαν</span> <span class='ocrx_word' id='word_1_254' title='bbox 856 3401 953 3466; x_wconf 81' lang='lat' dir='ltr'><strong>celeri</strong></span> <span class='ocrx_word' id='word_1_255' title='bbox 976 3417 1070 3466; x_wconf 86' lang='lat' dir='ltr'><strong>cursu</strong></span> <span class='ocrx_word' id='word_1_256' title='bbox 1085 3400 1259 3482; x_wconf 83' lang='lat' dir='ltr'><strong>praemisit.</strong></span> <span class='ocrx_word' id='word_1_257' title='bbox 1282 3397 1387 3481; x_wconf 82' lang='lat' dir='ltr'><strong>Atque</strong></span> <span class='ocrx_word' id='word_1_258' title='bbox 1402 3398 1464 3464; x_wconf 89' lang='lat' dir='ltr'><strong>hoo</strong></span> 
     </span>
     <span class='ocr_line' id='line_1_30' title="bbox 220 3494 1461 3590; baseline 0.002 -26"><span class='ocrx_word' id='word_1_259' title='bbox 220 3494 361 3590; x_wconf 69' lang='grc' dir='ltr'>βάρῧαρον</span> <span class='ocrx_word' id='word_1_260' title='bbox 390 3500 532 3566; x_wconf 75' lang='grc' dir='ltr'>ὁπλισθέν</span> <span class='ocrx_word' id='word_1_261' title='bbox 562 3503 716 3590; x_wconf 75' lang='grc' dir='ltr'>ὤρουσαν,</span> <span class='ocrx_word' id='word_1_262' title='bbox 751 3503 826 3590; x_wconf 84' lang='grc' dir='ltr'>ὥραν</span> <span class='ocrx_word' id='word_1_263' title='bbox 858 3503 987 3570; x_wconf 87' lang='lat' dir='ltr'><strong>consilio</strong></span> <span class='ocrx_word' id='word_1_264' title='bbox 1018 3503 1175 3584; x_wconf 86' lang='lat' dir='ltr'><strong>modoque</strong></span> <span class='ocrx_word' id='word_1_265' title='bbox 1208 3503 1310 3570; x_wconf 90' lang='lat' dir='ltr'><strong>omnis</strong></span> <span class='ocrx_word' id='word_1_266' title='bbox 1347 3503 1461 3568; x_wconf 85' lang='lat' dir='ltr'><strong>berba-</strong></span> 
     </span>
     <span class='ocr_line' id='line_1_31' title="bbox 219 3603 1462 3695; baseline 0.002 -28"><span class='ocrx_word' id='word_1_267' title='bbox 219 3603 359 3694; x_wconf 80' lang='grc' dir='ltr'>πέρπτην</span> <span class='ocrx_word' id='word_1_268' title='bbox 374 3606 504 3695; x_wconf 77' lang='grc' dir='ltr'>έξαίρνης</span> <span class='ocrx_word' id='word_1_269' title='bbox 519 3608 546 3670; x_wconf 83' lang='grc' dir='ltr'><strong>οἱ</strong></span> <span class='ocrx_word' id='word_1_270' title='bbox 560 3607 699 3680; x_wconf 63' lang='lat' dir='ltr'><strong>tenuata</strong></span> <span class='ocrx_word' id='word_1_271' title='bbox 714 3605 825 3670; x_wconf 87' lang='grc' dir='ltr'>πάντο-</span> <span class='ocrx_word' id='word_1_272' title='bbox 854 3625 962 3674; x_wconf 90' lang='lat' dir='ltr'><strong>rorum</strong></span> <span class='ocrx_word' id='word_1_273' title='bbox 985 3625 1064 3690; x_wconf 82' lang='lat' dir='ltr'><strong>gena</strong></span> <span class='ocrx_word' id='word_1_274' title='bbox 1086 3611 1210 3672; x_wconf 89' lang='lat' dir='ltr'><strong>armata</strong></span> <span class='ocrx_word' id='word_1_275' title='bbox 1233 3605 1346 3684; x_wconf 85' lang='lat' dir='ltr'><strong>movit,</strong></span> <span class='ocrx_word' id='word_1_276' title='bbox 1381 3604 1462 3671; x_wconf 87' lang='lat' dir='ltr'><strong>hora</strong></span> 
     </span>
     <span class='ocr_line' id='line_1_32' title="bbox 220 3700 1461 3799; baseline 0.001 -26"><span class='ocrx_word' id='word_1_277' title='bbox 220 3711 275 3773; x_wconf 81' lang='grc' dir='ltr'>διν</span> <span class='ocrx_word' id='word_1_278' title='bbox 290 3700 483 3797; x_wconf 81' lang='grc' dir='ltr'>σιδηρένδυτοι</span> <span class='ocrx_word' id='word_1_279' title='bbox 497 3705 701 3799; x_wconf 81' lang='grc' dir='ltr'>έπιρῤιψαντις,</span> <span class='ocrx_word' id='word_1_280' title='bbox 725 3700 773 3773; x_wconf 82' lang='grc' dir='ltr'>διοὶ</span> <span class='ocrx_word' id='word_1_281' title='bbox 791 3709 828 3773; x_wconf 83' lang='grc' dir='ltr'>τὸ</span> <span class='ocrx_word' id='word_1_282' title='bbox 859 3710 970 3792; x_wconf 80' lang='lat' dir='ltr'><strong>quinte</strong></span> <span class='ocrx_word' id='word_1_283' title='bbox 985 3730 1023 3777; x_wconf 84' lang='lat' dir='ltr'><strong>ex</strong></span> <span class='ocrx_word' id='word_1_284' title='bbox 1041 3709 1211 3793; x_wconf 87' lang='lat' dir='ltr'><strong>improviso</strong></span> <span class='ocrx_word' id='word_1_285' title='bbox 1227 3708 1360 3790; x_wconf 87' lang='lat' dir='ltr'><strong>equites,</strong></span> <span class='ocrx_word' id='word_1_286' title='bbox 1376 3707 1461 3776; x_wconf 89' lang='lat' dir='ltr'><strong>ierro</strong></span> 
     </span>
     <span class='ocr_line' id='line_1_33' title="bbox 223 3812 1461 3902; baseline 0 -28"><span class='ocrx_word' id='word_1_287' title='bbox 223 3821 292 3886; x_wconf 73' lang='grc' dir='ltr'>τοῦς</span> <span class='ocrx_word' id='word_1_288' title='bbox 319 3821 373 3885; x_wconf 77' lang='grc' dir='ltr'>τῆς</span> <span class='ocrx_word' id='word_1_289' title='bbox 399 3812 514 3886; x_wconf 82' lang='grc' dir='ltr'>πόλεως</span> <span class='ocrx_word' id='word_1_290' title='bbox 539 3813 581 3898; x_wconf 72' lang='grc' dir='ltr'><strong>μὴ</strong></span> <span class='ocrx_word' id='word_1_291' title='bbox 603 3812 826 3902; x_wconf 79' lang='grc' dir='ltr'>προεγνωκότας</span> <span class='ocrx_word' id='word_1_292' title='bbox 855 3814 1067 3896; x_wconf 84' lang='lat' dir='ltr'><strong>undequaque</strong></span> <span class='ocrx_word' id='word_1_293' title='bbox 1080 3813 1237 3890; x_wconf 79' lang='lat' dir='ltr'><strong>instructi,</strong></span> <span class='ocrx_word' id='word_1_294' title='bbox 1250 3812 1461 3894; x_wconf 85' lang='lat' dir='ltr'><strong>irrumpentes</strong></span> 
     </span>
     <span class='ocr_line' id='line_1_34' title="bbox 220 3914 1461 4006; baseline 0 -28"><span class='ocrx_word' id='word_1_295' title='bbox 220 3914 288 3989; x_wconf 84' lang='grc' dir='ltr'>τοὺς</span> <span class='ocrx_word' id='word_1_296' title='bbox 317 3917 347 3979; x_wconf 84' lang='grc' dir='ltr'>ὲν</span> <span class='ocrx_word' id='word_1_297' title='bbox 376 3919 486 4003; x_wconf 81' lang='grc' dir='ltr'>ἀμητῷ</span> <span class='ocrx_word' id='word_1_298' title='bbox 514 3915 646 3999; x_wconf 82' lang='grc' dir='ltr'>πάντας,</span> <span class='ocrx_word' id='word_1_299' title='bbox 677 3917 745 3991; x_wconf 88' lang='grc' dir='ltr'>τοὺς</span> <span class='ocrx_word' id='word_1_300' title='bbox 775 3915 827 4006; x_wconf 77' lang='grc' dir='ltr'>μέν</span> <span class='ocrx_word' id='word_1_301' title='bbox 857 3917 1134 4000; x_wconf 89' lang='lat' dir='ltr'><strong>proptereaquod,</strong></span> <span class='ocrx_word' id='word_1_302' title='bbox 1148 3917 1200 3999; x_wconf 91' lang='lat' dir='ltr'><strong>qui</strong></span> <span class='ocrx_word' id='word_1_303' title='bbox 1212 3917 1461 3991; x_wconf 79' lang='lat' dir='ltr'><strong>civitatiserant,</strong></span> 
     </span>
    </p>
   </div>
   <div class='ocr_carea' id='block_1_4' title="bbox 219 4012 1574 4110">
    <p class='ocr_par' dir='ltr' id='par_1_5' title="bbox 219 4012 1574 4110">
     <span class='ocr_line' id='line_1_35' title="bbox 219 4012 1574 4110; baseline 0.004 -30"><span class='ocrx_word' id='word_1_304' title='bbox 219 4017 417 4106; x_wconf 72' lang='grc' dir='ltr'>κατέσφαξαν,</span> <span class='ocrx_word' id='word_1_305' title='bbox 441 4018 554 4107; x_wconf 69' lang='grc' dir='ltr'>ἑτέρους</span> <span class='ocrx_word' id='word_1_306' title='bbox 568 4012 601 4084; x_wconf 88' lang='grc' dir='ltr'><strong>δὲ</strong></span> <span class='ocrx_word' id='word_1_307' title='bbox 616 4021 826 4110; x_wconf 66' lang='grc' dir='ltr'>αἰῃκαλώτους</span> <span class='ocrx_word' id='word_1_308' title='bbox 856 4020 888 4087; x_wconf 92' lang='lat' dir='ltr'><strong>id</strong></span> <span class='ocrx_word' id='word_1_309' title='bbox 923 4039 984 4086; x_wconf 91' lang='lat' dir='ltr'><strong>nou</strong></span> <span class='ocrx_word' id='word_1_310' title='bbox 1016 4027 1266 4104; x_wconf 82' lang='lat' dir='ltr'><strong>praenoscentes</strong></span> <span class='ocrx_word' id='word_1_311' title='bbox 1295 4019 1327 4084; x_wconf 92' lang='lat' dir='ltr'><strong>in</strong></span> <span class='ocrx_word' id='word_1_312' title='bbox 1360 4037 1465 4084; x_wconf 90' lang='lat' dir='ltr'><strong>messe</strong></span> <span class='ocrx_word' id='word_1_313' title='bbox 1567 4039 1574 4052; x_wconf 86' lang='lat'><strong>·</strong></span> 
     </span>
    </p>
   </div>
   <div class='ocr_carea' id='block_1_5' title="bbox 219 4116 1463 4607">
    <p class='ocr_par' dir='ltr' id='par_1_6' title="bbox 219 4116 1463 4213">
     <span class='ocr_line' id='line_1_36' title="bbox 219 4116 1463 4213; baseline 0.002 -28"><span class='ocrx_word' id='word_1_314' title='bbox 219 4121 334 4208; x_wconf 84' lang='grc' dir='ltr'>έλαβον,</span> <span class='ocrx_word' id='word_1_315' title='bbox 366 4123 434 4210; x_wconf 65' lang='grc' dir='ltr'><strong>μεθ’</strong></span> <span class='ocrx_word' id='word_1_316' title='bbox 454 4116 548 4209; x_wconf 77' lang='grc' dir='ltr'>ᾧνπτρ</span> <span class='ocrx_word' id='word_1_317' title='bbox 571 4117 650 4211; x_wconf 79' lang='grc' dir='ltr'>εὗρον</span> <span class='ocrx_word' id='word_1_318' title='bbox 679 4125 826 4213; x_wconf 71' lang='grc' dir='ltr'>ἀριλαίων</span> <span class='ocrx_word' id='word_1_319' title='bbox 857 4131 982 4205; x_wconf 88' lang='lat' dir='ltr'><strong>essent,</strong></span> <span class='ocrx_word' id='word_1_320' title='bbox 1016 4125 1095 4191; x_wconf 89' lang='lat' dir='ltr'><strong>alios</strong></span> <span class='ocrx_word' id='word_1_321' title='bbox 1118 4123 1245 4206; x_wconf 90' lang='lat' dir='ltr'><strong>quidem</strong></span> <span class='ocrx_word' id='word_1_322' title='bbox 1270 4123 1463 4200; x_wconf 79' lang='lat' dir='ltr'><strong>occiderunt,</strong></span> 
     </span>
    </p>

    <p class='ocr_par' dir='ltr' id='par_1_7' title="bbox 220 4225 1463 4312">
     <span class='ocr_line' id='line_1_37' title="bbox 220 4225 1463 4312; baseline 0.002 -25"><span class='ocrx_word' id='word_1_323' title='bbox 220 4225 366 4288; x_wconf 80' lang='grc' dir='ltr'>πλείστων</span> <span class='ocrx_word' id='word_1_324' title='bbox 389 4225 482 4312; x_wconf 80' lang='grc' dir='ltr'>ζώων,</span> <span class='ocrx_word' id='word_1_325' title='bbox 504 4229 554 4291; x_wconf 89' lang='grc' dir='ltr'>καὶ</span> <span class='ocrx_word' id='word_1_326' title='bbox 576 4232 686 4292; x_wconf 84' lang='grc' dir='ltr'>λοιπῶν</span> <span class='ocrx_word' id='word_1_327' title='bbox 705 4237 765 4292; x_wconf 81' lang='grc' dir='ltr'><strong>τῶν</strong></span> <span class='ocrx_word' id='word_1_328' title='bbox 781 4229 828 4292; x_wconf 80' lang='grc' dir='ltr'><strong>ἐπὶ</strong></span> <span class='ocrx_word' id='word_1_329' title='bbox 860 4229 940 4294; x_wconf 87' lang='lat' dir='ltr'><strong>aiios</strong></span> <span class='ocrx_word' id='word_1_330' title='bbox 970 4246 1046 4293; x_wconf 85' lang='lat' dir='ltr'><strong>vero</strong></span> <span class='ocrx_word' id='word_1_331' title='bbox 1081 4227 1222 4310; x_wconf 86' lang='lat' dir='ltr'><strong>captivos</strong></span> <span class='ocrx_word' id='word_1_332' title='bbox 1254 4226 1463 4301; x_wconf 85' lang='lat' dir='ltr'><strong>abduxerunt,</strong></span> 
     </span>
    </p>

    <p class='ocr_par' dir='ltr' id='par_1_8' title="bbox 219 4329 1462 4607">
     <span class='ocr_line' id='line_1_38' title="bbox 219 4329 1462 4419; baseline 0.001 -28"><span class='ocrx_word' id='word_1_333' title='bbox 219 4329 339 4416; x_wconf 77' lang='grc' dir='ltr'>έργασέτρ</span> <span class='ocrx_word' id='word_1_334' title='bbox 360 4339 415 4394; x_wconf 82' lang='grc' dir='ltr'>τοῦ</span> <span class='ocrx_word' id='word_1_335' title='bbox 437 4332 555 4419; x_wconf 81' lang='grc' dir='ltr'>ἀμητοῦ</span> <span class='ocrx_word' id='word_1_336' title='bbox 578 4342 698 4396; x_wconf 84' lang='grc' dir='ltr'>σκευῶν.</span> <span class='ocrx_word' id='word_1_337' title='bbox 859 4332 1044 4414; x_wconf 81' lang='lat' dir='ltr'><strong>quibuscum</strong></span> <span class='ocrx_word' id='word_1_338' title='bbox 1078 4339 1112 4398; x_wconf 92' lang='lat' dir='ltr'><strong>et</strong></span> <span class='ocrx_word' id='word_1_339' title='bbox 1148 4330 1285 4414; x_wconf 88' lang='lat' dir='ltr'><strong>plurima</strong></span> <span class='ocrx_word' id='word_1_340' title='bbox 1321 4329 1462 4394; x_wconf 88' lang='lat' dir='ltr'><strong>iumenta</strong></span> 
     </span>
     <span class='ocr_line' id='line_1_39' title="bbox 856 4433 1461 4518; baseline -0.003 -18"><span class='ocrx_word' id='word_1_341' title='bbox 856 4436 1042 4518; x_wconf 83' lang='lat' dir='ltr'><strong>reliquaque</strong></span> <span class='ocrx_word' id='word_1_342' title='bbox 1071 4435 1185 4501; x_wconf 89' lang='lat' dir='ltr'><strong>messis</strong></span> <span class='ocrx_word' id='word_1_343' title='bbox 1216 4433 1302 4516; x_wconf 92' lang='lat' dir='ltr'><strong>operi</strong></span> <span class='ocrx_word' id='word_1_344' title='bbox 1335 4433 1461 4498; x_wconf 89' lang='lat' dir='ltr'><strong>subser-</strong></span> 
     </span>
     <span class='ocr_line' id='line_1_40' title="bbox 856 4537 1322 4607; baseline -0.004 -3"><span class='ocrx_word' id='word_1_345' title='bbox 856 4539 974 4605; x_wconf 85' lang='lat' dir='ltr'><strong>vientia</strong></span> <span class='ocrx_word' id='word_1_346' title='bbox 996 4538 1144 4607; x_wconf 87' lang='lat' dir='ltr'><strong>utensilia</strong></span> <span class='ocrx_word' id='word_1_347' title='bbox 1165 4537 1322 4605; x_wconf 84' lang='lat' dir='ltr'><strong>inuenere.</strong></span> 
     </span>
    </p>
   </div>
   <div class='ocr_carea' id='block_1_6' title="bbox 306 4660 1459 4726">
    <p class='ocr_par' dir='ltr' id='par_1_9' title="bbox 306 4660 1459 4726">
     <span class='ocr_line' id='line_1_41' title="bbox 306 4660 1459 4726; baseline 0.002 -6"><span class='ocrx_word' id='word_1_348' title='bbox 306 4660 451 4723; x_wconf 74' lang='lat' dir='ltr'><strong>Hiraoula</strong></span> <span class='ocrx_word' id='word_1_349' title='bbox 464 4677 488 4724; x_wconf 86' lang='lat' dir='ltr'><strong>s.</strong></span> <span class='ocrx_word' id='word_1_350' title='bbox 503 4662 646 4724; x_wconf 89' lang='lat' dir='ltr'><strong>Demetrii</strong></span> <span class='ocrx_word' id='word_1_351' title='bbox 670 4663 721 4724; x_wconf 84' lang='lat' dir='ltr'><strong>lib.</strong></span> <span class='ocrx_word' id='word_1_352' title='bbox 739 4663 777 4725; x_wconf 88' lang='lat'><strong>11.</strong></span> <span class='ocrx_word' id='word_1_353' title='bbox 795 4680 821 4724; x_wconf 86' lang='lat' dir='ltr'><strong>o.</strong></span> <span class='ocrx_word' id='word_1_354' title='bbox 840 4663 879 4726; x_wconf 87' lang='lat'><strong>11.</strong></span> <span class='ocrx_word' id='word_1_355' title='bbox 894 4679 939 4726; x_wconf 87' lang='lat' dir='ltr'><strong>nr.</strong></span> <span class='ocrx_word' id='word_1_356' title='bbox 960 4660 1370 4725; x_wconf 73' lang='grc' dir='ltr'>169-110.11σ1ι88.οο1.</span> <span class='ocrx_word' id='word_1_357' title='bbox 1387 4663 1459 4722; x_wconf 77' lang='lat' dir='ltr'><strong>tom</strong></span> 
     </span>
    </p>
   </div>
   <div class='ocr_carea' id='block_1_7' title="bbox 0 0 1806 5276">
    <p class='ocr_par' dir='ltr' id='par_1_10' title="bbox 0 0 1806 5276">
     <span class='ocr_line' id='line_1_42' title="bbox 0 0 1806 5276; baseline 0 0"><span class='ocrx_word' id='word_1_358' title='bbox 0 0 1806 5276; x_wconf 95' lang='lat' dir='ltr'><strong> </strong></span> 
     </span>
    </p>
   </div>
  </div>
 </body>
</html>
