3572 5276
314 353 378 417 402

312 555 467 621 ὑὺνεσθαι.
493 559 526 618 ὲκ
541 545 575 617 δὲ
596 562 657 618 τῶν
680 551 920 641 μετοικπσάντων
949 554 1054 633 111111,
1086 554 1274 622 Valentinus
1304 554 1553 634 archidiaconus,

310 665 348 734 εἰς
359 659 396 723 τὸ
408 656 557 722 Ῥαοὺσιον
568 659 635 720 eur
647 651 737 730 οὑτοι,
750 655 913 746 Γρηγόριος,
944 657 1134 725 Valentinus
1171 663 1264 740 peter
1305 659 1553 742 protospatharii

311 761 471 852 Ἀροάφιος,
490 760 670 848 Βικτωρὺνος,
694 759 839 836 Βιτάλιος,
859 759 920 824 Βοι-
951 761 1113 845 Stephani.
1152 762 1200 828 Ex
1234 781 1297 845 (1110
1329 769 1434 830 uulctn
1469 763 1552 828 cives

310 869 474 941 λενπῖνοςὺ
497 855 682 954 αρχιδιάκων,
710 861 919 938 Βαλεντῖνοςὺ
950 864 1128 933 salonitani
1150 866 1302 932 Rausinm
1325 866 1551 948 demigrarunt,

310 970 411 1058 πατήρ
432 979 487 1034 τοὺ
509 967 777 1056 πμωτοοπαὺαρὶου
799 965 918 1054 Στεφά-
948 970 1023 1034 anni
1039 974 1114 1035 sunt
1127 969 1440 1051 anninhunousque
1456 970 1551 1048 diem,

310 1097 369 1140 νου.
392 1073 441 1161 ἀφ’
463 1065 497 1136 οὗ
519 1062 552 1136 δὲ
574 1071 636 1134 ἀπὸ
663 1068 792 1134 Σαλιὺνα
821 1079 918 1158 paaup-
949 1071 1122 1138 indictione
1153 1077 1171 1136 7
1204 1072 1278 1139 anni
1309 1073 1393 1140 6457
1418 1071 1553 1159 (Christi

310 1200 403 1249 κησαν
436 1181 474 1250 εἰς
501 1173 668 1250 Ῥοιοὺοιον,
702 1177 769 1238 εἰσὶν
802 1179 856 1246 ἔτη
887 1174 914 1262 φ’
945 1177 1032 1260 949).
1072 1173 1222 1242 Ceterum
1254 1176 1288 1242 in
1320 1177 1432 1244 eadem
1473 1177 1553 1244 urbe

309 1280 393 1369 μέχρι
413 1289 469 1353 τῆς
490 1279 629 1368 σήμερον,
652 1277 716 1352 ἥτις
744 1270 918 1352 ἰνδικτιῶνος
948 1278 1111 1361 depositus
1145 1278 1206 1345 fuit
1239 1299 1264 1344 S.
1300 1281 1487 1346 Pancratius
1519 1281 1552 1346 in

309 1376 435 1472 ὲβδὺμης
457 1389 540 1458 ἔτους
562 1382 642 1468 ςονζ.
659 1383 689 1446 ὲν
708 1373 741 1446 δὲ
761 1389 807 1464 τῷ
833 1385 917 1464 αὑπῷ
947 1383 1028 1450 aede
1043 1402 1067 1450 s.
1085 1381 1250 1466 Stephani,
1273 1401 1355 1466 qnae
1372 1389 1424 1450 est
1438 1385 1470 1450 in
1486 1403 1552 1451 me·

308 1487 427 1577 κάστρῳ
456 1499 551 1552 κεῖται
580 1487 699 1575 ὁάγιυς
727 1483 916 1573 Παγκράτιος
946 1487 1000 1554 dia
1022 1488 1110 1554 urbo.

309 1594 338 1656 ὲν
352 1602 406 1675 ,τῷ
427 1601 489 1675 ναῷ
511 1601 563 1654 τοὺ
586 1591 670 1678 ἁγίου
692 1585 846 1677 Στεφάνου
868 1599 914 1672 τῷ
987 1590 1214 1675 Aspalathi
1238 1595 1357 1674 urbem,
1381 1612 1463 1676 quae
1479 1611 1550 1674 par·

309 1695 371 1760 άνπι
393 1695 480 1783 μέσον
502 1703 557 1759 τοῦ
579 1697 672 1758 αὑτοῦ
695 1691 832 1780 κάστροο.
946 1714 1020 1761 vum
1053 1696 1205 1778 palatium
1244 1695 1418 1778 significat,
1456 1697 1553 1778 impe·

352 1797 428 1862 'Oa
442 1798 480 1863 τά
498 1795 757 1861 Ἀσπαλάὺου
779 1794 916 1884 κάστμον,
947 1803 1035 1864 rator
1056 1799 1275 1866 Diocletianus
1306 1801 1464 1878 condidit3
1498 1800 1552 1865 ha·
1578 1839 1580 1843 v

310 1903 380 1992 ὅπερ
394 1901 541 1966 παλάτιον
562 1901 659 1989 μικρὸν
682 1900 877 1988 ἑρμηνεύεται,
901 1904 917 1963 ὑ
947 1902 1018 1968 buit
1048 1902 1136 1967 illam
1159 1910 1196 1968 ut
1221 1904 1352 1970 domum
1378 1904 1552 1985 propriam,

310 2007 444 2090 βασιλεὺς
456 2004 672 2078 Λιοκλητιοινός
686 2014 779 2068 τοῦτο
795 2009 915 2078 ἔκτισεν·
947 2005 1115 2088 aulamque
1136 2007 1181 2072 ibi
1205 2007 1344 2073 extruxit
1366 2014 1400 2072 et
1422 2009 1553 2089 palatia,

309 2109 370 2198 εἶχε
399 2102 433 2173 δὲ
462 2109 537 2173 αὑτὰ
570 2115 609 2183 ὠς
637 2099 706 2173 ἴδιον
739 2106 834 2182 οἷκον,
868 2111 918 2176 καὶ
947 2128 1080 2192 quorum
1100 2110 1252 2193 pleraque
1267 2112 1446 2195 perierunt,
1470 2130 1552 2193 quae

309 2213 402 2285 αὑλήν
424 2203 619 2300 οἰκοδομήσας
642 2203 763 2276 ἔνδοθεν
784 2214 834 2275 καὶ
856 2235 916 2275 ποι-
947 2220 1052 2281 eutem
1076 2214 1249 2281 etiamnum
1263 2221 1434 2298 supersunt
1456 2215 1550 2280 valde

308 2317 419 2394 λάτιοι,
451 2319 484 2402 ἐξ
510 2309 550 2380 ὧν
579 2316 621 2380 τά
642 2317 764 2380 πλείονα
787 2315 914 2380 κατελὺ-
943 2335 1046 2399 peuce
1061 2325 1144 2396 sunt,
1169 2319 1337 2400 exquibus
1354 2319 1548 2400 episcopium

308 2424 417 2493 θησαν.
448 2421 576 2505 σώζεται
605 2413 638 2483 δὲ
669 2419 754 2507 μέχρι
783 2429 838 2482 τοὺ
867 2429 916 2483 νῦν
945 2421 1043 2500 urbis,
1068 2428 1101 2488 et
1124 2423 1276 2504 templum
1299 2441 1325 2486 s.
1345 2423 1470 2502 Domni,
1495 2423 1550 2488 ubi

311 2529 407 2618 ὀλίγα,
432 2520 515 2612 ἐξῶν
530 2527 593 2590 ἐστὶ
608 2525 645 2588 τὰ
660 2526 842 2589 ἑπισκοπεῒον
864 2535 920 2589 τοὺ
948 2527 1002 2594 ille
1032 2529 1101 2610 ipse
1130 2536 1257 2595 sanctus
1288 2529 1454 2610 depositus
1476 2526 1552 2610 iuit3

311 2629 440 2720 κάστμου
462 2633 511 2695 καὶ
533 2633 549 2694 ὑ
571 2630 639 2703 νοιὺς
661 2639 715 2693 τοῦ
736 2630 820 2717 ἁγίου
836 2629 917 2716 Δόμ-
947 2631 1033 2713 quod
1057 2632 1233 2698 cubiculum
1251 2639 1321 2698 erat
1335 2632 1477 2698 eiusdem
1493 2634 1550 2696 iru-

309 2759 369 2812 νου,
393 2737 422 2798 ἐν
445 2728 469 2817 ᾧ
491 2733 669 2799 κατάκειται
692 2737 708 2797 ὁ
730 2732 819 2808 αὐτὸς
838 2734 918 2821 άγιος
947 2737 1106 2818 potatoris
1128 2736 1326 2802 Diocletiani.
1350 2735 1468 2803 Subter
1495 2737 1550 2802 illo

310 2840 440 2928 Δὺμνος,
470 2839 541 2926 ὅπερ
562 2831 598 2909 ἦν
620 2837 726 2902 κοιτὼν
748 2847 803 2901 τοῦ
825 2840 919 2901 αὑτοῦ
949 2845 1026 2905 sunt
1040 2842 1168 2906 rotundi
1183 2839 1328 2920 fornices,
1352 2840 1426 2907 olim
1447 2848 1551 2907 custo·

309 2945 450 3029 βασιλέως
473 2945 695 3015 Διοκλητιοινοῦ.
719 2941 862 3007 ὑποκάτω
884 2935 917 3007 δὲ
947 2945 1029 3024 diae,
1053 2947 1187 3028 inques
1216 2951 1343 3012 sanctos
1371 2947 1553 3011 immuniter

312 3053 405 3113 αὐτοῦ
428 3052 603 3137 ὑπάρχουσιν
618 3049 806 3133 εῑλημοιτικαὶ
820 3047 919 3134 aupit-
949 3069 969 3114 a
997 3069 1032 3116 se
1063 3049 1219 3117 cruciatos
1250 3051 1481 3132 compingebat.
1515 3049 1552 3116 Iu

309 3157 492 3242 puccinum
515 3158 644 3240 ὑπῆρχον
672 3154 801 3240 φυλακαὶ
823 3153 853 3215 ἐν
876 3147 920 3226 αἷς
950 3155 1062 3220 eadem
1086 3173 1161 3221 vero
1178 3154 1259 3220 urbe
1276 3155 1440 3237 depositus
1457 3156 1552 3220 etiarn

310 3259 380 3332 τοὺς
389 3257 455 3346 παρ’
465 3261 558 3320 αὑτοῦ
570 3255 810 3342 βασανιζομένους
820 3257 920 3344 άγὺους
949 3257 1011 3323 fuit
1027 3279 1052 3324 s.
1068 3257 1298 3324 Anastasius²⁸.
1322 3257 1433 3324 Murus
1448 3267 1554 3325 autem

313 3361 495 3426 ἰναπέκλειεν
511 3347 641 3434 ἀπηνῶς.
658 3361 814 3424 ἀπόκειται
825 3351 858 3424 δὲ
869 3363 919 3424 καὶ
950 3362 1043 3428 huius
1073 3364 1162 3429 urbis
1193 3381 1296 3444 neque
1318 3381 1357 3429 ex
1380 3365 1480 3429 latere
1503 3371 1554 3430 cst

312 3467 341 3530 ὲν
357 3469 440 3549 αὑτῷ
455 3475 500 3547 τῷ
516 3463 634 3552 κάστμῳ
649 3467 699 3528 καὶ
714 3468 729 3528 ὑ
742 3465 824 3554 άμος
835 3463 920 3528 Ἀνα-
951 3486 1054 3549 neque
1077 3487 1115 3534 er
1138 3467 1314 3550 enchorego
1323 3519 1333 3552 ,
1364 3468 1423 3532 sed
1445 3487 1484 3532 ex
1507 3468 1552 3532 le-

313 3569 440 3644 στάσιος,
456 3565 534 3632 ’Ὀτι
548 3569 585 3632 τά
600 3581 698 3656 τεῖχος
712 3577 767 3631 τοὺ
782 3568 918 3632 τοιούτου
948 3555 1075 3654 picibus
1098 3573 1262 3652 quadratis
1286 3573 1378 3636 unius
1401 3578 1435 3636 et
1457 3591 1553 3652 saepe

313 3673 440 3761 κάστρου
472 3672 541 3736 οὔτε
575 3673 635 3735 &ard
669 3671 807 3755 βησάλων
841 3675 919 3736 ἐστὶν
950 3675 1082 3740 duarum
1113 3676 1257 3742 ulnarum
1290 3675 1487 3757 longitudine
1521 3683 1555 3740 et

313 3775 480 3864 ἐκτισμένον
503 3777 572 3840 οὔτε
587 3776 648 3839 άπό
664 3776 836 3866 ἑγχομήγου,
853 3777 919 3839 ἀλλ’
950 3781 1041 3844 unius
1066 3779 1243 3858 latitudine,
1267 3782 1320 3859 qui
1336 3781 1550 3862 coagmentati

312 3881 373 3944 ἀπὺ
407 3881 501 3944 λίθων
534 3871 752 3966 τετμαπεδίκυν
789 3881 919 3967 ἐχόντων
949 3882 1032 3948 inter
1055 3901 1090 3947 se
1113 3890 1187 3948 sunt
1218 3885 1375 3965 vinctique
1406 3881 1490 3949 ferro
1521 3883 1554 3946 iu

312 3991 350 4059 εἰς
371 3995 464 4072 μῆκος
485 3984 542 4047 άνά
574 3988 685 4074 ὀργυιάς
715 3983 752 4064 α’,
779 3983 921 4058 πολλάκις
952 3987 1116 4068 plumbum
1156 3985 1361 4068 liquefactum
1406 3987 1554 4068 impacto.

312 4092 362 4153 καὶ
391 4089 448 4154 άνά
477 4081 539 4171 δὺο,
569 4092 619 4152 καὶ
648 4089 685 4152 τά
715 4087 831 4161 πλάτος
865 4088 921 4151 άνοὶ
950 4091 988 4164 ln
1022 4091 1133 4158 eadem
1167 4089 1272 4156 antem
1310 4091 1389 4156 urbe
1426 4096 1553 4157 erectae

312 4199 427 4283 ὀμγυῖοις
462 4201 544 4280 μιᾶς,
575 4192 675 4266 οἵτινές
705 4198 757 4255 εἰσι
779 4215 920 4282 σινομμο-
949 4196 1044 4260 etiam
1068 4195 1212 4261 visuntur
1235 4187 1398 4260 columnae
1414 4194 1554 4275 oompln-

313 4297 410 4383 σμάνοι
431 4300 482 4360 καὶ
504 4289 701 4384 συνδεδεμένοι
716 4302 753 4370 εἰς
772 4297 920 4370 ἀλλήλους
950 4318 1019 4380 res,
1055 4317 1150 4380 super
1183 4317 1263 4380 quus
1297 4299 1464 4380 cosuritae,
1500 4298 1555 4363 ubi

314 4401 393 4488 μετὰ
413 4393 535 4488 σνδήμων
557 4403 587 4465 ὲν
610 4393 741 4489 μολίβδῳ
764 4402 921 4489 ἐγχολικσ-
950 4403 1032 4468 idem
1050 4403 1223 4485 imperator
1235 4403 1452 4468 Diocletianus
1466 4403 1553 4466 aedi·

313 4504 416 4591 μένων.
438 4509 574 4569 ἵστανται
591 4495 687 4568 δὲκαὶ
705 4511 743 4579 εἰς
767 4505 804 4567 τὸ
826 4515 916 4568 ποιοῦ·
953 4505 1102 4573 ficaturus
1133 4511 1203 4572 erat
1232 4507 1385 4574 rotundos
1407 4505 1555 4583 fornices,

311 4629 363 4669 τον
386 4605 510 4694 κάστμον
525 4611 575 4670 καὶ
594 4609 683 4680 κίονες
699 4610 810 4688 πυκνοὶ,
835 4613 917 4694 ἔχον·
950 4616 1113 4690 totumque
1137 4611 1247 4676 urbem
1264 4617 1414 4690 tecturuS,
1440 4615 1474 4674 ct
1495 4629 1555 4690 pa·
