3520 5422
739 607 828 680 25.

159 715 184 776 t.
200 713 254 784 nu.
269 729 338 774 nuru
353 711 416 774 idio.
433 711 514 792 ugus.

353 849 448 933 Veyn
470 869 648 933 supremum
677 849 860 915 Venetorum
882 849 1053 914 dmninium
1075 851 1221 932 agnoscit.

206 955 244 1020 In
267 956 392 1020 nomine
414 954 531 1021 domini
554 955 606 1020 dei
630 957 742 1020 eterni.
774 954 879 1039 (Anno
912 955 952 1020 ob
981 955 1201 1019 incarnacione
1231 953 1331 1018 nostri
1355 973 1403 1020 re·

163 1059 339 1142 demptoris
370 1058 536 1124 millesimo
567 1057 845 1144 octauodecimo)‚¹
880 1060 911 1124 in
946 1075 1053 1151 rueose
1089 1057 1193 1138 iulio,
1229 1057 1402 1122 indiccione

160 1165 274 1246 prima.
309 1164 346 1228 In
380 1164 509 1229 ciuitate
544 1162 655 1245 Veglu.
694 1165 917 1230 Promittcntes
949 1161 1176 1244 promittimus,
1212 1162 1403 1244 spondentes

161 1268 358 1351 spondemus
382 1286 440 1349 per
461 1267 520 1333 hoc
543 1267 701 1332 uinculum
727 1268 978 1349 repromissionis
1002 1287 1061 1346 ego
1084 1265 1210 1345 uitalis,
1237 1267 1403 1349 episcopus

164 1371 260 1438 huius
283 1373 439 1452 ciuitatis,
471 1390 539 1436 cum
566 1377 634 1437 toto
658 1371 759 1450 ciero,
790 1372 882 1436 simul
906 1391 976 1436 cum
1001 1371 1129 1458 Andros
1150 1372 1272 1452 priore,
1304 1372 1349 1436 ita
1371 1376 1404 1436 et

162 1495 274 1543 omues
307 1477 502 1542 habitatores
532 1477 564 1539 in
596 1477 726 1541 ciuitate
756 1477 833 1554 isto,
865 1495 936 1541 cum
967 1477 1082 1541 nostris
1113 1475 1347 1541 successoribus
1370 1480 1403 1540 et

162 1580 337 1647 heredibus
368 1599 407 1648 ao
435 1579 666 1664 proheredibus
697 1583 828 1645 nostris:
865 1581 956 1645 uobis
988 1581 1123 1646 domino,
1146 1581 1256 1647 Ottoni
1287 1579 1403 1646 seniori

165 1693 287 1763 nostro,
314 1685 384 1750 duci
401 1685 626 1751 Ueneticorum
651 1705 686 1750 ac
711 1685 966 1769 Dalmaticorum,
992 1690 1025 1750 et
1040 1685 1154 1750 uestris
1170 1685 1403 1750 successoribus

162 1790 319 1855 tributum
343 1790 436 1854 uobis
458 1791 535 1854 dare
557 1789 769 1872 promittimus
792 1796 825 1854 et
847 1795 956 1854 uestro
977 1789 1128 1872 pallatio,
1153 1790 1298 1870 omnique
1321 1807 1402 1853 anno

164 1896 197 1960 in
229 1893 399 1960 natiuitate
428 1893 546 1959 domiui
577 1893 676 1958 nostri
706 1894 785 1958 Jesu
816 1893 935 1959 Christi
968 1894 1067 1974 pelles
1098 1893 1244 1974 uulpinas
1272 1911 1402 1958 numero

164 2000 307 2082 triginta.
338 1997 432 2075 Quod
455 2000 481 2062 si
505 1997 565 2063 hoc
588 2006 674 2064 recte
696 1999 728 2062 in
751 2001 921 2080 prestituto
944 2005 1102 2080 tempore,
1131 2003 1168 2063 ut
1191 1997 1335 2080 superius
1358 1999 1402 2063 le·

165 2104 263 2185 gitur,
286 2121 350 2169 non
373 2103 668 2184 obsequauerimus:
699 2120 888 2185 componere
912 2104 1123 2184 promittimus
1148 2121 1217 2168 cum
1241 2119 1403 2168 successo·

165 2209 256 2274 ribus
278 2215 312 2273 et
333 2207 505 2273 heredibus
525 2209 640 2272 uostris
664 2207 755 2273 uobis
778 2213 811 2271 et
834 2205 1066 2271 successoribus
1090 2207 1206 2272 uestris
1223 2207 1291 2271 auri
1306 2206 1404 2272 libras

166 2313 315 2394 quinque.
350 2311 393 2377 Et
423 2311 482 2377 hec
511 2312 727 2392 promissionis
758 2310 881 2376 cartula
910 2311 1092 2393 plenissime
1125 2319 1253 2376 manent
1281 2312 1313 2376 iu
1344 2331 1403 2376 sun

165 2415 327 2482 firmitate.
362 2417 432 2500 Ego
456 2415 571 2481 Uitalis
602 2417 768 2497 episcopus
800 2416 907 2498 (manu
932 2435 1003 2482 mea
1026 2414 1161 2502 scripsi).
1197 2415 1266 2495 Ego
1289 2415 1404 2480 Petrus

166 2522 318 2586 diaconus
335 2521 445 2606 (manu
459 2539 531 2585 mea
546 2521 681 2602 scripsi).
699 2520 768 2603 Ego
783 2519 867 2586 Maio
884 2519 1049 2602 presbyter
1065 2519 1174 2606 (uranu
1185 2539 1255 2585 urea
1267 2517 1402 2604 scripsi).

166 2627 236 2710 Ego
269 2623 379 2691 Gaudo
410 2626 576 2708 presbyter
609 2623 717 2712 (mauu
750 2645 821 2690 urea
856 2625 992 2706 scripsi).
1036 2625 1104 2708 Ego
1138 2627 1204 2690 Leo
1237 2623 1404 2706 presbyter

170 2733 279 2814 (manu
302 2751 374 2796 mea
396 2729 532 2815 scripsi).
568 2731 637 2812 Ego
660 2729 842 2795 Dominicus
866 2730 1016 2794 diaconus
1044 2731 1152 2807 (triario
1174 2749 1246 2794 urea
1267 2729 1403 2813 scripsi).

166 2836 237 2918 Ego
267 2836 382 2902 Petrus
417 2835 583 2916 presbyter
615 2837 724 2918 (unnim
759 2853 830 2900 mea
863 2833 1017 2916 scripsi).⁹
1055 2833 1185 2916 Signum
1216 2835 1262 2916 (†)
1293 2851 1404 2900 manus

165 2940 295 3005 Andree
317 2939 441 3020 prioris.
475 2939 605 3020 Signum
629 2937 677 3023 (y)
700 2957 811 3004 manus
835 2938 948 3004 Barba.
981 2937 1110 3020 Signum
1133 2937 1181 3022 (†)
1204 2957 1313 3004 manus
1340 2937 1404 3004 Ua·

167 3044 287 3110 lentini.
312 3043 443 3125 Signum
466 3042 514 3128 (y)
538 3062 650 3108 manus
673 3041 766 3109 Justi.
791 3043 920 3126 Signum
944 3043 990 3127 (†)
1013 3061 1124 3107 marrus
1146 3042 1310 3108 iohannis.
1335 3041 1404 3125 Sig-

166 3167 243 3214 num
274 3149 322 3236 (†)
352 3166 465 3213 manus
496 3148 627 3213 alterius
656 3147 819 3213 Johannis.
859 3145 990 3230 Signum
1020 3144 1068 3232 (y)
1099 3165 1211 3211 manus
1239 3147 1403 3213 Dominioi.

168 3253 301 3336 Signum
316 3251 364 3339 (†)
380 3271 492 3318 mauus
508 3251 661 3334 Gregorii.
686 3251 816 3334 Signum
832 3251 879 3337 (†)
896 3270 1007 3317 manns
1023 3251 1124 3316 Bassi.
1147 3251 1277 3334 Signum
1292 3271 1405 3316 manus

169 3358 216 3444 (†)
239 3358 367 3423 Leonis.
402 3357 532 3441 Signum
555 3357 602 3441 (†)
625 3376 737 3422 manus
762 3357 894 3422 alterius
917 3355 1040 3422 Leonis.
1073 3355 1204 3438 Signum
1226 3358 1270 3438 (†)
1293 3375 1405 3422 manus

166 3463 264 3529 Petri.
289 3461 421 3544 Signum
446 3461 491 3544 (†)
514 3481 624 3527 manus
648 3461 809 3527 iohannis.
840 3460 970 3542 Signum
994 3463 1037 3543 (y)
1060 3479 1172 3525 manus
1194 3461 1313 3525 Dabro.
1337 3460 1405 3541 Sig-

169 3587 244 3633 num
268 3569 313 3651 (†)
336 3586 447 3632 manus
470 3567 612 3632 Voiato.³
646 3565 775 3648 Signum
798 3568 842 3647 (t)
865 3584 975 3630 manus
1004 3565 1174 3630 Berzaua.¹
1208 3565 1337 3646 Signum
1360 3567 1405 3649 (†)

168 3692 281 3738 manus
303 3671 477 3737 Laurentii.
502 3671 632 3752 Signum
655 3671 700 3754 (†)
724 3689 835 3734 manus
858 3669 988 3748 Boci03⁵
1010 3677 1043 3735 et
1065 3669 1206 3735 aliorum.

212 3777 283 3860 Ego
319 3775 461 3842 Marinus
495 3776 661 3860 presbyter
692 3775 772 3840 hanc
807 3775 958 3839 cartulam
992 3775 1120 3858 scripsi,
1153 3772 1275 3840 humaui
1310 3781 1406 3856 atque

167 3881 333 3964 compleui.

255 3989 357 4049 Codex
372 3989 552 4049 'lhevieanue
567 4005 636 4048 saec
650 3987 714 4065 XV,
732 3987 781 4047 iot.
801 3989 872 4047 145.
889 3987 1020 4048 Viennae
1036 3989 1064 4046 in
1079 4006 1105 4048 e.
1121 4005 1145 4047 r.
1162 3986 1283 4046 archivo
1299 3986 1405 4047 aulico.

209 4077 401 4136 Monumenta
422 4076 588 4152 spectantia
610 4075 763 4134 historiam
785 4074 941 4135 Slavorum
964 4073 1206 4134 meridionalium.
1239 4073 1403 4150 Zagrabiae

214 4165 306 4226 1868.
324 4163 382 4226 vol.
397 4163 422 4239 Ι,
438 4180 468 4239 p.
487 4166 515 4222 1.
532 4162 602 4223 Ood.
620 4162 689 4238 dipl.
707 4161 790 4221 GSD.
807 4163 830 4222 1.
849 4164 899 4221 99.

208 4263 214 4291 ¹
233 4259 302 4316 Vide
320 4277 370 4316 nro
387 4261 569 4331 praecedenti.
651 4261 711 4315 ²In
730 4262 888 4330 apographo
906 4261 1001 4316 rerba:
1023 4276 1118 4328 „manu
1136 4275 1196 4314 men
1216 4259 1329 4329 scripsi“
1349 4275 1406 4314 om·

167 4349 252 4405 misse
269 4363 330 4406 esse
347 4355 424 4420 patet
442 4365 476 4404 ox
493 4365 534 4418 eo,
559 4349 631 4418 quod
648 4347 695 4404 ilie
713 4349 740 4403 iu
759 4349 842 4418 priori
860 4350 943 4404 etiam
961 4349 1086 4404 chartula
1103 4347 1137 4404 ad
1154 4348 1265 4403 testium
1283 4364 1317 4402 ex
1335 4346 1407 4403 clero

168 4437 279 4492 nomine
297 4436 425 4506 adposita
442 4437 511 4504 aint;
530 4444 557 4492 et
575 4437 638 4504 quia
657 4441 748 4506 testes,
777 4437 822 4504 qui
841 4443 1006 4506 sequuntur,
1030 4437 1135 4506 signum
1153 4441 1258 4490 tontum
1276 4435 1407 4506 adposue-

169 4530 242 4578 runt.
325 4523 468 4578 ‘Voneto
495 4523 563 4578 Vide
581 4523 721 4580 Mikloiit:
749 4523 801 4578 Die
819 4523 936 4593 Bildung
955 4522 1003 4578 der
1021 4523 1085 4578 slav.
1105 4522 1348 4578 Personennamen.
1366 4537 1408 4576 nr.

170 4614 213 4666 47.
233 4609 325 4680 notat,
343 4611 454 4680 Vojato.
544 4612 553 4641 ⁴
573 4611 613 4666 Ci.
631 4610 697 4666 ibid.
717 4627 759 4666 nr.
779 4613 818 4667 19.
843 4611 928 4680 Brea,
946 4610 1057 4680 Brnzej,
1082 4610 1182 4680 Brzon,
1200 4609 1305 4664 Brzare
1323 4609 1410 4680 (iem.)

173 4697 261 4752 ‘Ibid
288 4715 329 4752 nr.
350 4701 390 4754 13.
409 4697 500 4768 Bolis,
517 4697 617 4768 Boceh‚
636 4697 737 4754 Bocho.

1240 4789 1260 4850 3
