3604 5276
1401 360 1463 424 349

217 565 384 650 ἀνιλάβιπο
407 557 557 654 metopo<
572 570 588 630 ὁ
603 565 831 655 ῥήἰΦραγγίας,
862 567 989 633 dentem
1012 565 1157 642 videbat3
1179 565 1287 647 itaque
1305 564 1421 630 multas
1435 561 1465 628 ei

219 673 271 734 καὶ
292 670 450 757 ἀπήγαγεν
469 669 576 743 αὐτοὺς
598 670 628 732 ἐν
649 677 695 752 τῷ
710 667 828 756 κάσπρῳ
858 669 1010 751 pecunias
1033 687 1089 734 rex
1112 667 1291 752 pollicetur,
1315 668 1369 750 qui
1391 685 1467 734 vere

220 773 347 846 Καπύης
368 777 418 836 οιαὶ
440 774 470 836 ἐν
492 781 538 854 τῷ
560 771 679 859 αάσπρῳ
691 769 828 854 Βενιβέν-
857 773 1014 840 ridentem
1045 773 1150 854 ipsum
1180 778 1237 839 aut
1267 772 1467 838 ostendisset

218 868 280 941 δοῦ.
303 879 354 940 aad
375 867 466 950 οὐδεὶς
485 876 576 940 αὐτὸν
591 866 664 939 εἶδεν
679 878 824 962 γελῶντα
858 882 914 942 aut
936 875 1124 942 nuntiasset
1147 875 1266 943 Evenit
1287 881 1394 941 autem
1411 893 1465 956 pe-

217 977 295 1044 εἶπεν
326 973 359 1044 δὲ
389 965 406 1042 d
434 980 486 1068 ῥήξ
511 979 558 1042 ὅτι
587 983 614 1042 εἴ
640 979 684 1052 τίς
705 1001 754 1066 μοι
775 978 828 1042 τὸν
857 984 936 1057 stet,
962 984 998 1044 ut
1020 978 1149 1061 quidam
1172 978 1328 1046 ridentem
1357 977 1469 1045 Salda-

218 1075 369 1147 Σολδανὸν
393 1082 471 1170 μετὰ
500 1082 645 1156 ἀληθείας
666 1082 827 1169 ἀναγγείλῃ
858 1101 933 1147 num
963 1082 1103 1161 videret,
1134 1081 1188 1164 qui
1211 1081 1279 1163 regi
1302 1080 1466 1148 Ludovioo

217 1187 237 1258 b
267 1178 401 1270 ὑποδείξῃ
429 1189 582 1274 γελῶντα,
620 1176 707 1249 δώσω
744 1187 828 1265 αὐτῷ
857 1183 1054 1268 significavit.
1090 1185 1152 1252 Ille
1183 1184 1372 1252 accersitum
1403 1183 1466 1250 sol·

217 1290 363 1378 χρήματα
377 1287 487 1352 πολλά.
504 1291 554 1352 καὶ
569 1288 648 1376 μετὰ
663 1297 755 1352 τοῦτο
770 1279 827 1352 οἶδέ
858 1290 974 1355 danum
1003 1289 1227 1371 interrogavit:
1260 1288 1466 1371 quamobrem

216 1417 260 1466 πς
282 1393 373 1458 ababa
384 1396 531 1480 γελῶντα,
554 1395 604 1456 καὶ
623 1401 668 1474 τῷ
684 1394 747 1481 ρηγι*
762 1390 827 1455 Λο-
859 1392 1003 1460 risisset?
1017 1395 1106 1475 isque
1121 1391 1300 1473 respondit:
1321 1409 1467 1472 ,autrum

218 1488 311 1584 δόῑγῳ
341 1496 530 1584 ἀπήγγειλεν.
561 1499 578 1559 ο
606 1487 640 1559 δὲ
662 1493 825 1582 προσνιαλέ-
856 1497 1022 1563 cernebam
1040 1502 1074 1563 et
1087 1500 1249 1562 vertentes
1264 1495 1296 1562 in
1312 1514 1350 1562 eo
1366 1501 1465 1561 rotas,

218 1599 342 1687 σάρενος
363 1599 415 1664 τὸν
438 1591 588 1664 &daubo
606 1598 756 1686 ἠρώτησεν
771 1601 825 1661 αὐ-
854 1605 888 1666 et
910 1599 1005 1665 huius
1034 1599 1080 1665 rei
1108 1600 1212 1682 gratia
1241 1599 1339 1666 risum
1363 1598 1464 1674 edidi3

218 1703 271 1767 τὸν
293 1705 369 1784 ποὶῳ
383 1701 485 1790 τροπῳ
500 1701 648 1789 ἐγέλασεν.
671 1692 736 1765 ebt
747 1707 825 1765 εἰπεν
855 1721 927 1768 nam
950 1722 1011 1784 ego
1035 1719 1162 1785 quoque
1180 1702 1352 1784 aliquando
1367 1707 1464 1784 eaput

222 1807 355 1894 ἰὕροιξαν
371 1796 445 1868 αἶθον
459 1805 510 1868 οιαὶ
524 1805 594 1877 τοὺς
615 1805 645 1866 ὲν
667 1807 746 1888 auita
760 1826 828 1890 προ-
857 1804 914 1884 fui,
938 1823 1021 1870 nune
1035 1811 1143 1871 autem
1159 1803 1241 1871 inira
1256 1823 1366 1870 omnes
1382 1823 1463 1882 sum,

218 1911 291 1996 χνὺς,
310 1907 511 1995 κυλιομένους.
540 1910 590 1970 καὶ
611 1906 722 1970 τούτου
743 1906 826 1994 χάριν
856 1914 891 1974 et
912 1913 1020 1990 potest
1047 1927 1099 1974 me
1128 1909 1207 1975 dous
1229 1927 1356 1976 rursum
1378 1908 1463 1974 exal·

217 2013 365 2100 ὲγέλασα,
389 2011 435 2074 ὅτι
456 2013 506 2074 καὶ
529 2009 588 2097 ἐγώ
610 2033 687 2074 ποτε
708 2011 824 2098 κεφαλὴ
854 2009 957 2078 tare‘.
986 2011 1152 2094 Atqueex
1173 2011 1228 2078 illo
1251 2017 1396 2094 tompore
1420 2010 1462 2076 ad

217 2117 296 2204 ἤμην
317 2118 368 2180 καὶ
390 2115 494 2202 ἀρτίως
517 2117 572 2201 εἰμὶ
594 2112 738 2178 ὑποκάτω
753 2112 827 2176 πάν-
856 2133 999 2182 mensam
1033 2115 1122 2180 illum
1160 2133 1251 2182 suum
1283 2113 1464 2182 Ludovicus

217 2243 290 2294 των,
313 2221 363 2282 καὶ
385 2217 474 2282 πάλιν
494 2208 617 2281 δύναται
632 2221 648 2279 ὁ
663 2217 734 2292 θεὸς
749 2214 826 2303 ὑψῶ-
857 2217 1009 2285 adhibuit.
1041 2219 1204 2301 Plineipes
1233 2237 1310 2286 vero
1335 2216 1465 2301 Capuae

218 2324 266 2387 σαί
289 2329 357 2411 ps‘fl
381 2325 431 2386 καὶ
449 2321 511 2384 ἀπὸ
525 2321 599 2384 udae
614 2325 824 2407 προσεκαλεῖτο
855 2328 889 2388 et
911 2321 1086 2390 Beneventi
1116 2323 1316 2389 ventitabant
1338 2321 1379 2388 td
1401 2322 1463 2388 uol-

218 2427 310 2492 αὺπόν
332 2431 349 2490 ό
368 2417 518 2512 Λοδόϊγος
540 2429 577 2498 εἰς
599 2423 655 2494 πον
677 2425 826 2511 τράπεζαν
855 2426 973 2492 danum
995 2425 1231 2508 interrogantes
1246 2443 1318 2492 eum
1335 2425 1375 2491 de
1398 2443 1464 2491 me-

218 2535 312 2594 αὐποῦ
341 2532 391 2592 καὶ
424 2529 577 2599 συνήσθιεν
608 2531 701 2609 αὐτῷ.
736 2531 762 2590 οἱ
791 2519 825 2592 δὲ
854 2528 958 2596 dieina
989 2545 1026 2594 ae
1056 2545 1132 2595 eura
1154 2546 1309 2610 equorum
1331 2527 1464 2610 aliisquo

218 2633 358 2721 ἄρχοντες
373 2643 428 2706 πῆς
443 2631 570 2706 Καπύης
584 2633 635 2694 καὶ
652 2621 827 2713 Βινσβενδοῢ
856 2633 962 2712 rebus,
974 2632 1021 2698 uti
1032 2650 1141 2700 senem
1151 2637 1184 2698 et
1195 2631 1295 2698 multo
1308 2650 1367 2697 usu
1379 2631 1463 2712 peri·

215 2737 342 2824 ἤρχοντο
364 2735 433 2822 πρὸς
454 2734 507 2799 πόν
528 2725 678 2798 Σολδανὸν
693 2734 823 2820 ὲροπιλν-
853 2741 930 2802 tum.
950 2735 1009 2802 lile
1029 2740 1153 2809 autem,
1181 2733 1270 2802 vator
1293 2734 1463 2800 admodum

217 2863 267 2914 πσς
281 2839 373 2903 αὐτὸν
384 2841 451 2926 ,περὶ
465 2843 595 2924 ἱαπρειῶν
606 2839 656 2900 ναὶ
666 2838 825 2924 θεραπείας
855 2843 888 2904 et
902 2844 1049 2906 versutus
1066 2857 1137 2904 oum
1154 2843 1250 2918 esset,
1273 2837 1352 2903 dixit
1366 2837 1461 2919 ipsis:

217 2943 336 3031 ἀλόγων
365 2946 415 3004 καὶ
449 2945 559 3004 λοιπῶν
589 2939 759 3004 ὑποθέσεων
788 2945 827 3014 ὡς
859 2948 930 3022 ,est
959 2942 1045 3023 quod
1078 2941 1341 3007 eommunieatum
1373 2941 1463 3007 vobis

217 3051 342 3136 γὲρονσα
364 3048 415 3108 νιαὶ
436 3042 654 3131 πεπειραμένον.
670 3047 686 3106 ὁ
702 3034 735 3107 δὲ
749 3041 827 3107 Σολ-
856 3045 968 3128 velim;
1003 3045 1062 3110 sed
1094 3063 1209 3112 vereor
1242 3063 1283 3110 ne
1315 3061 1374 3125 per
1407 3060 1464 3109 vos

217 3143 303 3223 δανθς
324 3159 484 3236 πανοῦργος
504 3147 545 3211 ὤν
565 3149 615 3210 οιαὶ
633 3147 746 3220 σκολιὰς
762 3144 824 3210 εἷπε
854 3149 922 3230 regi
945 3149 1133 3227 innoteseat,
1157 3153 1191 3214 et
1213 3165 1272 3230 ego
1292 3147 1324 3212 in
1340 3145 1463 3228 perieu-

217 3255 286 3340 πρὸς
308 3253 415 3326 αὐτοὺς
436 3251 483 3314 ὅτι
501 3258 625 3338 πρᾶγμα
639 3249 724 3314 θέλω
739 3255 827 3314 εἰπεῖν
855 3252 920 3317 lum
943 3252 1028 3317 vitae
1048 3247 1214 3317 ineidam‘.
1239 3249 1300 3327 Qui
1321 3266 1392 3315 eum
1415 3249 1462 3314 iu·

217 3357 286 3445 πρός
307 3361 392 3443 ὑμᾶς,
414 3358 464 3418 οιαὶ
488 3344 605 3418 δέδοικα
628 3362 683 3416 τοῦ
698 3353 740 3441 μὴ
756 3353 824 3434 παρ’
853 3355 1024 3420 reiurando
1039 3373 1075 3420 se
1090 3354 1345 3433 obstrinxissent,
1361 3351 1461 3420 fideu-

216 3465 297 3547 ιλρῶν
319 3449 491 3528 κατάδηλον
519 3457 660 3544 γενέσθαι
681 3457 751 3544 πρὸς
770 3456 823 3519 πόν
854 3459 917 3523 tior
949 3457 1053 3523 faetus
1088 3455 1168 3522 dixit
1199 3455 1255 3522 iis:
1297 3474 1371 3536 ,rex
1405 3473 1462 3520 vos

218 3567 304 3652 ρῆγα,
319 3565 370 3626 καὶ
378 3560 518 3625 ἀπολέσω
529 3560 584 3631 τον
593 3560 820 3646 ἐραυτοῦζωήν.
853 3580 964 3628 omnes
975 3561 1007 3624 in
1020 3577 1167 3642 magnam
1176 3559 1343 3625 Franeiam
1358 3565 1462 3625 trans·

217 3669 244 3729 oi
265 3657 299 3729 δὲ
320 3665 439 3752 ὤμοσαν
462 3666 564 3745 αὐτῷ,
599 3667 649 3727 καὶ
679 3663 826 3750 θαρρήσας
855 3671 985 3746 portare
1008 3663 1138 3746 statum
1162 3670 1195 3729 et
1210 3663 1236 3729 si
1251 3680 1315 3729 nen
1334 3661 1463 3728 eraditis

217 3767 280 3834 εἷπε
301 3768 371 3855 πρὸς
392 3767 499 3840 αὐτοὺς
528 3767 574 3830 ὅτι
596 3771 612 3830 ὁ
636 3767 687 3856 ρ’ἢξ
706 3767 825 3853 ἐξορίσαι
854 3772 1019 3850 expectate
1035 3767 1206 3849 paulisper,
1224 3765 1461 3847 doneepienam

217 3872 300 3936 θέλει
329 3871 444 3944 πάντας
474 3873 548 3956 ὑμᾶς
578 3871 608 3933 ὲν
637 3880 678 3955 τῇ
706 3871 823 3956 ραγάλῃ
853 3871 943 3936 uobis
966 3869 1062 3936 fidem
1084 3867 1461 3935 iauam“.1)iseenoens-

217 3966 825 4064 Φραγγίᾳ,καὶὲιὶνάπισπλπε,ὲκδέξασθε
857 3993 918 4056 que
951 3973 1030 4039 dixit
1062 3973 1241 4038 Ludovioo:
1286 3971 1463 4054 „plincipes

217 4078 324 4166 μακρόν,
355 4081 441 4166 adpo
460 4058 634 4164 nb’upopopm
663 4080 745 4163 ὑμᾶς.
776 4079 826 4140 καὶ
855 4078 927 4142 huis
949 4076 1010 4142 loci
1033 4076 1168 4159 improbi
1191 4081 1273 4150 sunt,
1301 4090 1405 4154 neque
1427 4079 1462 4140 tu

217 4181 361 4246 απελθὼν
394 4178 456 4244 εἷπε
489 4179 558 4267 πρὸς
588 4180 640 4242 τὸν
672 4170 823 4266 Αοδόϊχον
854 4180 1008 4246 dominari
1025 4179 1099 4245 huie
1114 4178 1236 4262 regioni
1251 4177 1380 4257 valebis,
1401 4176 1461 4242 nisi

216 4284 262 4348 ὅτι
277 4289 303 4348 ot
318 4283 456 4372 ἄρχοντες
470 4293 525 4346 τοῦ
540 4283 636 4346 τόπου
658 4283 743 4346 κακοί
759 4289 820 4357 εἰσι,
853 4283 1105 4364 potentioribuS,
1134 4283 1188 4364 qui
1211 4282 1268 4347 tibi
1292 4280 1460 4356 obsistunt,

216 4389 351 4452 καὶσλοὺ
359 4378 480 4451 δύνασαι
494 4396 636 4474 κυροῦσα
651 4385 707 4457 vio
721 4386 820 4472 χώραν
850 4406 869 4454 e
899 4385 1002 4454 medio
1031 4386 1182 4463 sublatis;
1216 4385 1275 4452 sod
1305 4385 1459 4466 primores

216 4491 340 4570 ταύτην,
350 4491 401 4554 ἐὰν
409 4491 450 4577 μὴ
458 4491 598 4578 ἀφανίσῃς
606 4490 674 4562 τοὺς
682 4481 823 4563 δυνατοὺς
853 4489 941 4556 urbis
964 4493 996 4554 in
1012 4489 1138 4554 vinnula
1153 4489 1309 4554 eouiaetos
1324 4488 1356 4552 in
1372 4491 1459 4552 tuam

217 4595 285 4668 τοὺς
307 4594 539 4667 ἀντιπιπτονπάς
566 4598 618 4656 σοι·
657 4593 750 4678 ἀλλὰ,
774 4584 822 4656 bt·
852 4594 1012 4676 regionem
1036 4593 1144 4671 mitte,
1177 4597 1210 4656 et
1233 4597 1308 4656 tune
1327 4608 1386 4672 pro
1409 4609 1459 4656 aa·
