3602 5304
339 355 400 419 208

340 560 493 626 iusseram
524 557 600 638 tibi,
631 557 689 624 hos
720 557 805 624 uiros
839 558 897 624 sed
925 555 1091 640 pontifices
1119 577 1177 640 pro
1200 561 1289 624 muto
1311 555 1438 639 negotio
1462 557 1503 624 ad
1525 576 1577 624 me

338 661 485 731 uocare“.
521 661 713 746 Praesbyter
744 663 787 729 ad
810 661 887 729 hoc:
922 663 1071 744 ,uoluere
1093 699 1136 710 -
1158 662 1260 746 inquit
1282 699 1323 710 -
1346 661 1489 746 domine,
1521 663 1579 730 aed

337 769 466 834 minime
479 765 690 834 statuerunt“.
703 767 857 835 Dominus
869 766 1580 850 paparonsiliohabitotalitereisrespondit:

346 871 487 962 „Scitote
510 871 575 953 lilii,
600 873 674 955 quia
696 872 788 951 baec,
813 889 896 954 quae
912 877 1022 954 petere
1037 871 1134 938 Gothi
1150 872 1295 950 student,
1326 890 1425 955 saepe
1448 891 1577 940 numero

339 979 468 1044 audisse
491 995 541 1044 me
574 978 687 1044 recolo.
723 976 787 1043 Sed
817 980 949 1059 propter
979 975 1131 1057 Arianos,
1160 977 1342 1043 inuentores
1373 977 1576 1044 litteraturae

339 1082 535 1166 huiusmodi,
567 1083 644 1148 dare
668 1081 713 1148 eis
744 1082 902 1149 licentiam
934 1083 966 1147 in
986 1101 1044 1148 sua
1065 1080 1174 1164 lingua
1196 1086 1334 1148 tractare
1358 1081 1473 1162 diuina,
1498 1084 1582 1149 sicut

340 1188 600 1270 praedecessores
622 1187 685 1252 mei
707 1187 753 1254 sie
775 1192 807 1254 et
829 1205 889 1270 ego
912 1185 1094 1252 nullatenus
1118 1187 1231 1254 audeo.
1255 1187 1436 1254 Nuncuero
1452 1194 1580 1266 euntes,

340 1298 468 1374 gentem
490 1291 576 1358 illam
599 1291 693 1358 facite
717 1292 890 1358 obseruare
913 1293 1026 1372 omnia,
1057 1310 1140 1374 quae
1163 1311 1183 1358 a
1205 1290 1382 1358 uenerabili
1401 1292 1501 1359 fratre
1525 1310 1581 1357 no-

343 1402 412 1462 stro
425 1396 600 1478 Mainardo,
618 1404 747 1463 sanetae
759 1395 892 1464 Rufinae
908 1398 1056 1479 episeopo
1072 1396 1234 1476 cardinali,
1251 1396 1444 1480 synodaliter
1460 1402 1583 1463 statuta
1689 1420 1692 1429 ·

341 1507 432 1582 suut3
462 1502 567 1584 quoad
598 1519 700 1585 usque
727 1502 825 1585 legati
852 1501 953 1568 nostri
982 1501 1057 1566 illue
1087 1502 1290 1568 accedant“.⁸
1318 1501 1378 1568 His
1402 1502 1518 1568 auditis
1543 1501 1583 1567 ab

340 1612 474 1690 aspectu
497 1606 614 1672 domini
636 1625 739 1689 papae
762 1624 832 1672 sese
866 1607 968 1690 gradu
990 1607 1111 1672 concito
1140 1608 1387 1688 submouerunt,
1419 1609 1460 1674 ad
1490 1627 1583 1674 suam

342 1711 536 1794 prouinciam
559 1711 687 1795 regredi
710 1717 931 1794 properantes.
956 1709 1045 1777 Tunc
1068 1709 1198 1778 Cededa
1219 1711 1326 1778 Vllum
1342 1713 1584 1796 praesbyterum

341 1817 508 1899 requisiuit
530 1815 657 1881 dicens:
684 1815 753 1894 ,die
775 1815 868 1894 mihi,
899 1815 975 1898 quid
998 1815 1145 1883 utilitatis
1175 1816 1265 1884 nobis
1296 1819 1430 1885 eontulit
1460 1817 1582 1884 domini

344 1939 446 2003 papae
469 1921 587 1987 adiisse
616 1919 872 2002 praesentiarum
905 1920 964 1987 Cui
992 1919 1083 1987 Vlias
1113 1922 1295 2004 respondit:
1325 1923 1431 2006 „qnod
1458 1923 1583 1992 ardenti

341 2027 446 2092 animo
470 2025 674 2106 desiderasti,
705 2045 755 2091 me
785 2026 950 2093 laborante
981 2025 1116 2109 adeptus
1147 2030 1213 2095 es“.
1243 2027 1292 2094 Ad
1321 2027 1400 2097 haec
1433 2027 1581 2096 (lededaz

350 2130 487 2216 ,quidl“
512 2133 623 2215 iuquit.
654 2131 746 2198 Vltus
775 2131 869 2198 dixit:
897 2133 989 2214 ,quia
1012 2137 1044 2198 te
1067 2150 1149 2215 papa
1180 2132 1359 2216 pontificem
1390 2127 1582 2200 ordinauit‘.

344 2239 472 2306 Cededa
495 2238 552 2304 ait:
578 2236 796 2322 ,quomodoc‘
830 2235 924 2302 Vltus
958 2237 1138 2319 respondit:
1173 2243 1301 2325 „tantam
1334 2237 1503 2320 potabatis
1530 2243 1583 2302 est

343 2344 488 2409 dominus
510 2361 602 2428 papa,
627 2349 663 2409 ut
684 2342 859 2424 cuicunque
881 2341 1004 2424 aliquos
1020 2341 1102 2425 pilos
1118 2341 1159 2409 de
1173 2339 1275 2409 ba'rba
1295 2361 1389 2410 manu
1412 2360 1470 2409 sua
1493 2342 1581 2409 dem·

342 2448 460 2532 pserit,
489 2447 636 2514 continuo
664 2448 833 2530 episcopua
862 2444 949 2514 fiac.
972 2447 1043 2513 Hoc
1065 2447 1197 2514 audiens
1219 2446 1325 2514 fatuus
1348 2467 1445 2515 senex
1465 2465 1583 2530 magno

344 2553 487 2635 repletus
499 2557 548 2618 est
560 2551 691 2636 gaudi03
704 2558 736 2619 et
748 2570 820 2618 mox
833 2551 955 2636 uirgam
966 2553 1160 2634 pastoralem
1172 2552 1369 2635 comparauit
1380 2559 1413 2620 et
1421 2551 1582 2618 annulum.

386 2657 531 2739 Denique
552 2656 805 2740 ingredientibus
829 2659 875 2723 eis
897 2654 978 2724 lines
1007 2655 1176 2723 Obroatiae
1205 2657 1450 2739 compatriotae,
1474 2656 1583 2723 audIto

346 2780 454 2829 eorum
478 2762 625 2841 adventu,
649 2761 725 2829 laeti
750 2761 960 2829 obuianerunt
975 2779 1032 2828 suo
1049 2757 1206 2844 pontificu
1230 2761 1366 2845 eumque
1383 2779 1454 2828 cum
1468 2779 1585 2844 magno

348 2864 487 2949 tripudio
510 2872 728 2949 suseepemnt.
752 2865 797 2931 Et
818 2867 971 2949 quianon
993 2871 1104 2949 pastor
1126 2884 1222 2933 uerus
1245 2871 1323 2947 erat,
1348 2865 1406 2932 sed
1420 2865 1516 2948 lupus
1531 2883 1583 2931 ra·

348 2990 409 3055 pax
432 2972 490 3038 sub
515 2971 609 3039 onina
631 2972 716 3055 pelle
737 2971 868 3054 latebat,
891 2972 1038 3038 nimirum
1061 2991 1081 3037 a
1102 2973 1169 3038 suis
1192 2976 1263 3037 erat
1289 2970 1445 3038 fructibus
1468 2987 1584 3053 cogno-

347 3077 492 3144 scendus.
527 3076 652 3142 Etenim
684 3077 784 3159 primo
810 3077 932 3159 impetu
958 3076 1153 3161 negliensem
1180 3075 1379 3160 episcopum⁹
1405 3074 1584 3143 cumomni

349 3181 514 3247 celeritate
536 3182 576 3248 de
599 3201 658 3248 sua
674 3182 751 3248 sede
775 3180 907 3266 fugauit,
931 3200 1065 3264 eamque
1087 3179 1156 3262 sibi,
1180 3183 1270 3265 qnasi
1293 3179 1483 3249 auctoritate
1506 3197 1583 3264 apo·

345 3287 467 3369 stolica,
491 3287 664 3368 usurpauit.
700 3285 805 3371 Tune,
834 3287 916 3370 proh
935 3288 1048 3370 pudor,
1072 3286 1289 3368 phantasticus
1316 3285 1458 3369 pontifex
1481 3284 1586 3368 eoepit

346 3392 379 3455 in
403 3391 624 3457 consecrandis
648 3391 796 3471 ecclesiis,
820 3391 854 3455 iu
875 3391 1058 3458 ordinandis
1081 3391 1202 3458 clericis
1219 3396 1253 3458 et
1267 3392 1336 3460 aliis
1351 3391 1585 3475 episcopalibus

347 3495 530 3562 ministeriis
551 3495 735 3562 exercendis
757 3495 866 3561 diuina
887 3493 991 3561 officia
1013 3493 1190 3578 profanare.

392 3598 457 3667 Sed
484 3600 706 3682 omnipotentis
734 3602 836 3666 uirtus
864 3617 927 3666 non
956 3599 1010 3666 diu
1037 3619 1131 3683 passa
1159 3607 1209 3670 est
1235 3601 1382 3668 fraudem
1409 3601 1584 3670 diabolicae

347 3704 573 3772 ludificationis
596 3707 719 3771 animas
749 3705 897 3787 decipere
925 3705 1076 3773 infelices.
1108 3705 1221 3773 Statim
1248 3723 1392 3788 namque,
1415 3723 1487 3773 eum
1505 3706 1587 3774 haee

349 3809 447 3892 impia
471 3815 563 3893 gesta
586 3809 698 3876 summi
722 3809 856 3877 inissent
879 3808 1034 3894 pontificis
1057 3811 1187 3877 auribus
1209 3812 1362 3886 intimata,
1385 3811 1476 3896 gram
1499 3829 1585 3879 moe-

349 3934 421 3981 rore
452 3914 614 3980 confectus
645 3916 766 3998 absque
797 3917 881 3982 omni
907 3935 996 3982 mora
1026 3916 1193 3998 quemdam
1224 3916 1381 3998 legatum,
1408 3917 1585 3986 Jobennem

347 4018 552 4099 cardinalem,
583 4020 709 4085 mittere
739 4018 904 4086 festinabit
933 4020 974 4086 ad
998 4022 1218 4104 extirpandum
1247 4019 1379 4088 nefandi
1409 4021 1585 4088 schismatis

346 4123 491 4190 fomitem
513 4125 553 4192 de
575 4124 720 4206 partibus
742 4123 937 4191 Solanooiae.

390 4229 503 4309 Itaque
526 4226 694 4294 cardinalis
717 4230 757 4294 ad
781 4229 851 4296 illas
873 4236 983 4312 partes
1006 4231 1187 4315 adueniens,
1217 4231 1452 4297 multitudinem
1474 4229 1584 4313 populi

349 4341 382 4400 et
405 4333 480 4399 cleri
511 4334 682 4400 coadunari
704 4333 812 4413 iussit,
842 4335 1009 4418 ipsumque
1039 4335 1357 4420 pseudo-episcopum
1385 4353 1490 4402 coram
1520 4337 1586 4402 suis

350 4438 464 4506 Gothis
496 4439 536 4504 de
563 4445 670 4506 mutae
694 4441 882 4506 temeritatis
913 4440 1055 4523 nequitia
1081 4441 1248 4508 durissime
1278 4441 1470 4523 increpauit,
1502 4439 1587 4522 quod

350 4544 472 4610 nullum
496 4545 576 4610 sacri
598 4546 762 4611 ministerii
786 4545 971 4612 ordinem'a
993 4563 1114 4610 summo
1126 4545 1275 4628 pontifice
1290 4549 1401 4613 datum
1416 4547 1447 4612 ei
1462 4543 1585 4612 luisset.

350 4648 597 4727 Quamobrem
627 4653 732 4732 ipsum
763 4648 923 4716 Oededam
945 4655 979 4716 et
1009 4650 1163 4733 Potepam
1193 4669 1262 4717 cum
1293 4653 1360 4718 suis
1395 4650 1586 4734 sequacibus
