3572 5276
334 447 396 507 392

942 652 973 710 4·
997 623 1003 634 .

333 737 354 796 o.
370 755 390 796 u.
405 735 453 795 iii.

651 867 788 951 Bulpari
810 869 1038 952 apprcdiuntur
1065 867 1255 932 Chroaiiom.

376 989 469 1054 Kouni
479 989 532 1053 cdo
544 989 641 1076 καιρὸν
658 980 706 1052 οὖν
722 989 827 1051 ἐκεῖνον
843 989 939 1058 ἐισῆλ·
1015 988 1107 1054 Circa
1120 988 1198 1053 illud
1213 989 1324 1054 etium¹
1338 995 1465 1072 tempus
1479 989 1578 1055 Chro-

332 1098 389 1159 θον
411 1097 438 1158 οἱ
459 1095 545 1156 αὐτοὶ
567 1091 730 1180 Βούλγαροι
753 1096 790 1164 εἰς
814 1089 940 1178 Χρωβα-
972 1093 1092 1157 batiam
1125 1109 1195 1157 num
1226 1091 1425 1176 Alogobotnr
1456 1099 1580 1160 armata

331 1199 398 1262 τίαν
431 1197 510 1284 μετὰ
544 1206 599 1259 τοῦ
633 1195 851 1282 Ἀλσγσβότσυρ
885 1204 939 1258 τοῦ
969 1215 1065 1260 manu
1096 1196 1232 1278 ingressi
1263 1196 1396 1278 Bulguri
1425 1216 1578 1265 omnesc

331 1305 516 1387 πολεμῆσαι,
548 1302 599 1362 καὶ
628 1301 798 1386 ἐσφάγησαν
830 1297 939 1373 πάντες
971 1299 1139 1366 Chrobatis
1162 1299 1320 1368 interfecti
1343 1307 1427 1366 sunt.

332 1407 422 1470 ἐκεῖσε
444 1403 525 1491 παρὰ
546 1412 606 1466 τῶν
631 1400 815 1490 Χρωβάτων.

418 1527 570 1589 Constant.
587 1526 771 1602 porphyrog.
788 1527 825 1586 de
842 1527 950 1586 admiu.
969 1528 1039 1604 imp.
1056 1547 1082 1588 e.
1100 1531 1151 1606 32,
1168 1545 1199 1604 p.
1218 1531 1278 1589 158
1296 1528 1342 1591 ed.
1359 1529 1453 1591 Buuu.

377 1661 449 1750 Περὶ
470 1659 592 1747 Συμεὼν
615 1659 785 1749 Βουλγάρου
814 1663 864 1724 καὶ
885 1671 940 1735 τῆς
1013 1663 1062 1730 De
1098 1663 1254 1747 Symeone
1288 1663 1427 1747 Bulgaro
1464 1669 1498 1729 et
1537 1663 1576 1728 de

335 1765 393 1829 ὑπὸ
424 1774 485 1828 τῶν
515 1762 688 1852 Χρωβάτων
722 1763 818 1836 ἥττης
850 1767 943 1827 αὐτοῦ
974 1767 1113 1832 eiusdem
1143 1786 1201 1849 per
1226 1765 1403 1834 Chrohetos
1432 1766 1522 1832 clude
1546 1771 1580 1830 et

335 1873 385 1933 καὶ
414 1879 469 1932 τοῦ
499 1866 635 1932 θανάτου
665 1870 767 1931 αὐτου.
796 1865 886 1950 Μαίῳ
909 1859 942 1932 δὲ
972 1871 1012 1936 ds
1035 1877 1137 1936 morto
1164 1871 1241 1937 cius.
1275 1871 1395 1937 Mensis
1425 1871 1503 1935 Maii
1526 1871 1577 1935 die

336 1976 403 2060 μηνὶ
425 1972 479 2057 κζ’,
512 1963 684 2045 ἰνδηκτιῶνος
714 1971 744 2034 ιε’
773 1969 904 2046 Ἰωάννης
927 1977 942 2035 ὁ
971 1975 1120 2040 vicesimo
1137 1977 1282 2057 septimo,
1298 1975 1471 2040 indictione
1488 1975 1578 2056 quin·

336 2077 514 2165 ἀστρονόμος
537 2073 598 2138 εἷπε
621 2073 763 2162 Ῥωμανῷ
793 2085 838 2156 τῷ
862 2078 942 2158 βασι·
975 2085 1008 2142 ta
1024 2079 1146 2144 decima
1162 2082 1207 2144 ait
1222 2080 1362 2145 Joannes
1377 2088 1577 2145 astronomus

336 2184 383 2244 λεῖ
402 2180 448 2243 ὅτι
462 2185 482 2251 ἡ
498 2179 639 2266 ἱσταμένη
660 2181 757 2250 στήλη
774 2177 872 2242 ἐπάνω
888 2190 942 2253 τῆς
971 2183 1114 2247 Romano
1137 2183 1338 2263 imperatori:
1366 2201 1465 2264 „quae
1481 2201 1577 2263 super

336 2279 470 2372 καμάρας
485 2293 539 2346 τοῦ
556 2278 730 2370 Ξηρολόρου
745 2285 794 2345 καὶ
812 2283 859 2346 ἐπὶ
874 2273 942 2346 δυσ·
975 2285 1150 2368 Xerolophi
1174 2286 1325 2352 fornicem
1348 2295 1456 2352 enecta
1472 2292 1577 2356 statua

338 2388 395 2475 μὰς
418 2386 569 2470 βλέπουσα
590 2395 645 2450 τοῦ
659 2384 782 2474 Συμεών
805 2387 876 2450 ἐστι·
893 2391 944 2450 καὶ
974 2397 1039 2473 est,
1071 2409 1165 2456 verse
1193 2390 1273 2456 fecie
1305 2391 1347 2456 ad
1370 2390 1577 2468 occidentem,

337 2497 360 2556 εἰ
383 2491 497 2564 ταύτης
518 2491 574 2560 τήν
590 2491 721 2577 κεφαλὴν
740 2487 878 2577 ἐκκόψεις,
902 2501 943 2577 τῇ
973 2492 1138 2576 Symeonis
1162 2491 1265 2577 figura
1287 2501 1353 2574 est3
1384 2494 1452 2559 eius
1481 2497 1579 2574 caput

336 2599 417 2679 αὐτῇ
439 2595 500 2683 ὥρᾳ
522 2599 538 2658 d
561 2592 683 2682 Συρτὼν
704 2599 844 2678 τελευτᾷ.
868 2598 944 2660 ἀπο·
975 2599 1001 2662 si
1025 2590 1198 2676 excideris,
1228 2599 1298 2680 ipsu
1329 2599 1408 2664 hore
1439 2597 1575 2680 Symeon

338 2701 456 2773 στείλας
478 2691 528 2761 οὖν
544 2703 559 2761 ὁ
576 2698 708 2780 βασιλεὺς
729 2709 770 2784 τῇ
791 2703 874 2763 νυκτὶ
888 2699 945 2771 τὴν
975 2701 1058 2767 diern
1082 2702 1211 2769 obibit.“
1238 2702 1337 2768 Misso
1359 2703 1468 2784 itaque
1484 2708 1580 2767 noctu

336 2804 468 2892 κεραλήν
483 2813 538 2876 τῆς
557 2803 669 2876 στήλης
691 2800 816 2890 ἐξέκοψε·
840 2806 889 2867 καὶ
903 2815 945 2888 τῇ
973 2805 1148 2894 imperator
1169 2805 1313 2873 ministro
1338 2811 1464 2872 statuae
1483 2811 1578 2887 ceput

337 2912 417 2991 αὐτῇ
439 2908 500 2994 ὥρᾳ
522 2910 538 2968 ὁ
560 2905 683 2992 Συμεὼν
706 2913 744 2982 εἰς
761 2905 944 2998 Βουλγαρίαν
974 2911 1125 2995 abstulit3
1148 2911 1324 2992 eademqne
1345 2912 1426 2977 hora
1441 2909 1577 2993 Symeon

337 3009 538 3081 ἐτελεύτησε.
557 3061 563 3075 .
582 3059 589 3073 .
973 3015 1006 3078 in
1028 3013 1179 3097 Bulgarie
1200 3015 1325 3080 occidit
1342 3066 1349 3080 .
1368 3064 1374 3078 .
1393 3065 1399 3080 .

380 3113 503 3200 Συμεὼν
533 3111 631 3201 ἄρχων
647 3110 840 3203 ΙΒονλγαρὶας
862 3113 943 3178 κατὰ
1017 3116 1151 3199 Symeon
1168 3117 1339 3198 Bulgariae
1358 3117 1504 3200 princeps
1521 3117 1576 3182 ed·

336 3215 511 3305 Χρωβάτων
533 3217 679 3287 sentinae
694 3215 876 3304 στράτευμα,
894 3222 943 3281 καὶ
972 3240 1084 3287 versus
1102 3219 1278 3288 Chrobetos
1294 3221 1494 3303 expeditione
1510 3238 1578 3286 sus-

339 3320 498 3408 σνμβαλὼν
520 3320 585 3407 μετ’
601 3323 700 3384 αὐτῶν
722 3321 862 3408 πόλεμον,
885 3327 940 3392 se·
971 3330 1072 3406 cepte,
1097 3331 1307 3406 consertoque
1330 3343 1400 3390 cum
1426 3325 1489 3390 inis
1520 3343 1577 3406 pu·

338 3428 442 3499 τηθεὶς
463 3425 531 3499 τοὺς
551 3425 598 3489 ὑπ’
621 3429 720 3489 αὐτῶν
735 3427 871 3500 ἅπαντας
893 3425 942 3514 ἄρ-
972 3448 1044 3511 gun,
1068 3432 1170 3496 victus
1193 3431 1262 3510 ipse
1291 3449 1366 3497 suus
1389 3449 1497 3496 omues
1520 3446 1574 3512 pe·

338 3521 391 3599 δην
414 3529 576 3596 ἀπώλεσεν.
973 3533 1058 3598 uitus
1080 3535 1187 3616 copies
1210 3533 1325 3599 amisit.

429 3653 549 3728 Georgii
561 3654 716 3714 humartoli
729 3656 865 3715 monachi
881 3656 1037 3717 chronicon
1053 3658 1258 3717 continuatum.
1275 3657 1331 3717 Ed.
1343 3659 1378 3717 E.
1392 3657 1429 3717 de
1441 3657 1578 3718 Muralto.

386 3741 537 3814 Petropoli
558 3742 650 3816 1859,
668 3759 696 3814 p.
715 3743 786 3802 830.
811 3743 857 3802 De
873 3745 1060 3817 expeditione
1086 3749 1188 3802 contre
1203 3744 1348 3803 Ohroutoe
1366 3745 1395 3802 iu
1418 3760 1488 3804 msc.
1506 3745 1579 3803 veti·

385 3843 459 3886 cauo
483 3843 560 3890 suec.
584 3827 634 3886 XI.
654 3827 697 3886 cf.
715 3827 749 3888 F.
767 3829 891 3888 Hirseh:
917 3829 1144 3904 Byzantinische
1167 3829 1299 3890 Studien.
1316 3848 1346 3906 p.
1364 3832 1415 3891 38.
1443 3830 1526 3890 idem
1550 3831 1579 3889 in

384 3912 577 3987 Theophanis
601 3914 759 3973 continuati
783 3915 832 3974 lib.
849 3915 900 3990 VI,
918 3934 943 3974 c.
961 3917 1003 3975 20
1019 3935 1046 3992 p.
1064 3919 1137 3978 411.
1154 3916 1201 3977 ed.
1221 3917 1312 3976 Bouu
1331 3933 1367 3977 eo
1389 3933 1455 3976 cum
1478 3915 1580 3976 diocri-

384 3999 472 4079 mine,
489 4001 568 4072 quod
581 4000 686 4059 notitia
697 4000 734 4058 de
747 3999 901 4075 symeonis
917 4001 998 4061 obitu
1013 4003 1054 4062 illi
1070 4002 1107 4061 de
1123 4003 1201 4064 bello
1217 4009 1320 4063 contre
1332 4003 1476 4064 Ohroetoe
1491 4019 1580 4078 prue-

382 4087 522 4144 mittetur.

426 4170 525 4244 Atque
542 4171 617 4231 haec
632 4171 784 4247 utriunque
800 4177 923 4233 eventus
938 4174 967 4233 in
986 4174 1211 4250 chronographo
1231 4175 1396 4235 coniunctio
1411 4191 1514 4234 ensem
1529 4174 1580 4235 de

381 4257 426 4317 dit
451 4257 597 4332 opinioni,
623 4257 819 4333 Bnigerornm
841 4259 956 4320 cladem
971 4261 1000 4321 iu
1016 4261 1156 4321 Ohroutiu
1171 4261 1219 4320 die
1235 4263 1275 4320 27
1291 4261 1361 4320 Maii
1379 4263 1439 4321 927
1456 4279 1484 4323 e.
1503 4262 1581 4322 soci-

386 4342 475 4402 disse.
492 4343 526 4401 In
542 4343 619 4404 hanc
634 4344 722 4403 etiem
739 4344 816 4404 diem
831 4345 924 4406 refert
938 4364 1055 4421 quoque
1067 4346 1195 4421 Symeon
1210 4348 1352 4423 magister
1364 4345 1415 4428 (de
1428 4346 1579 4410 Constant.

384 4427 490 4504 porph.
516 4433 545 4489 et
559 4430 692 4490 Romano
708 4449 734 4493 c.
751 4433 802 4508 33,
819 4449 848 4507 p.
867 4427 943 4514 740)
959 4437 1081 4494 mortem
1103 4432 1272 4510 Symeonie,
1304 4433 1373 4509 quin
1396 4433 1527 4495 eiusdem
1549 4434 1580 4494 iu

385 4514 554 4576 chroatiam
571 4517 767 4591 expeditionis
783 4519 959 4578 mentionem
975 4521 1022 4580 vel
1040 4521 1131 4579 verbo
1146 4519 1274 4599 fuceret,
1299 4521 1382 4580 cuius
1397 4536 1493 4596 neque
1517 4520 1577 4597 elii,

383 4607 506 4748 pragent
517 4601 709 4682 Vaticanum,
737 4604 853 4666 codices
876 4603 996 4682 Georgii
1023 4605 1180 4666 hemertoli
1204 4605 1339 4668 monachi
1355 4608 1515 4668 continuati
1529 4623 1579 4668 re·

383 4704 434 4748 cor
474 4705 551 4748 nur.
