3604 5276
1433 429 1493 493 lot

297 627 466 704 rimatur,
485 635 549 688 442:
580 633 756 703 „Martyrium
782 649 804 688 s.
823 632 935 688 Domnii
959 631 1114 702 consignari
1138 639 1231 702 potest
1254 649 1278 689 a.
1300 636 1359 702 107,
1382 633 1430 688 aed
1447 649 1501 688 non

262 720 335 776 ultra
353 737 377 776 a.
399 723 448 775 112
467 719 579 774 differi“.
653 721 674 794 '²
692 721 709 774 i.
729 735 753 775 e.
772 734 843 774 anno
862 718 971 774 circiter
990 721 1046 774 128.
1067 719 1172 774 Feriati
1190 719 1211 789 l,
1230 723 1342 776 4664.
1426 719 1437 750 ³
1455 733 1505 788 „ea

260 807 349 862 adhuc
368 811 451 876 extat,
469 807 582 875 solaque
600 811 662 878 post
680 813 774 862 tantae
793 806 868 861 urbis
890 805 1024 860 excidium
1043 805 1150 874 integra
1167 807 1334 876 permanet“.
1352 806 1418 862 Vita
1436 823 1459 862 c.
1478 809 1494 861 3

261 895 271 923 ⁴
290 893 306 946 i.
325 909 348 948 e.
368 891 557 948 Chroatornm.
648 892 659 924 ⁶
676 891 708 946 V.
728 908 811 962 snpra
836 909 877 947 nr.
904 896 961 948 166.
981 909 1007 962 p.
1019 894 1078 946 280.
1097 893 1160 946 Alia
1182 893 1239 948 rita
1257 908 1272 946 e
1291 891 1383 948 codice
1401 893 1504 948 archivi

260 981 418 1048 capitularis
436 981 602 1049 spalatensis
622 979 738 1049 (Farlati
758 980 778 1048 l,
796 979 859 1048 422)
879 978 959 1034 dicit:
984 979 1080 1047 „quasi
1098 977 1231 1034 ducentae
1249 979 1368 1034 familiae
1386 980 1502 1034 incluse·

259 1071 324 1119 rant
342 1079 371 1120 se
388 1067 417 1120 in
435 1065 558 1120 aedificio
576 1065 739 1121 Diocletiani
758 1065 901 1120 caesans“.
970 1063 1050 1119 ‘Hic
1067 1063 1121 1119 loci
1138 1063 1243 1120 tardius
1261 1063 1433 1120 aedificatum
1451 1065 1504 1134 fuit

260 1150 390 1207 sacellum
409 1167 430 1207 1.
448 1151 565 1208 Domnio
584 1153 716 1220 dicatum,
746 1149 818 1220 quod
841 1151 939 1222 spalat.
959 1150 1181 1224 archiepiscopus
1201 1151 1335 1208 Paoiflcus
1353 1151 1438 1207 Βίκιιυ
1457 1151 1504 1206 de·

260 1237 379 1308 scripsit.
398 1237 504 1295 Farlati
522 1240 544 1307 l,
561 1241 674 1296 tot—tl.

868 1420 897 1478 4.

303 1531 342 1598 'O
372 1526 404 1598 δὲ
436 1536 570 1617 βασιλεὺς
591 1530 759 1621 Ἡράκλειος
792 1537 867 1597 ἀπο·
941 1533 1109 1600 Heruclius
1133 1541 1239 1602 autem
1254 1536 1502 1618 imperatorRo·

261 1639 378 1712 στείλας
399 1641 450 1702 καὶ
472 1639 532 1702 ἀπὸ
555 1635 670 1726 Ῥώμης
685 1635 807 1726 ἀγαγὼν
822 1641 865 1700 ἱε-
895 1657 947 1703 ma
969 1657 1025 1719 per
1048 1637 1187 1720 legatum
1212 1638 1429 1706 sacerdotibus
1448 1658 1501 1705 ac-

260 1753 322 1830 ρεῐς,
345 1745 395 1806 καὶ
417 1743 448 1827 ἐξ
467 1745 566 1806 αὐτῶν
581 1743 703 1816 ποιήσας
718 1743 865 1829 apparte-
896 1742 1037 1820 censitis,
1075 1743 1312 1823 constitutoque
1349 1763 1388 1811 ex
1423 1743 1500 1826 ipsis

261 1868 353 1910 κοπον
381 1851 430 1910 καὶ
453 1847 610 1910 ἐπίσκοπον
638 1849 688 1909 καὶ
709 1845 867 1934 spreturi·
897 1844 1151 1928 archiepiscopo,
1182 1829 1347 1930 episcopo,
1371 1847 1502 1930 presby·

261 1973 322 2038 ρους
342 1953 392 2014 καὶ
414 1942 573 2024 διακόνους,
597 1951 664 2023 τοὺς
687 1947 868 2038 Χρωβάτους
897 1951 973 2016 teris
996 1956 1030 2015 ei
1052 1949 1202 2028 diaconis,
1227 1949 1404 2018 Chrobatos
1424 1950 1502 2034 bap·

261 2052 425 2137 ὲβάπτισεν·
456 2051 534 2140 εἶχον
562 2045 595 2117 δὲ
617 2062 662 2136 τῷ
684 2053 757 2116 τότε
779 2061 868 2140 καιρῷ
898 2054 1015 2119 tizavit.
1046 2054 1090 2118 Et
1112 2059 1187 2119 tuuc
1210 2055 1337 2136 quidem
1362 2053 1502 2122 Chroba-

262 2161 289 2220 ot
318 2167 445 2222 τοιοῦτοι
475 2156 632 2246 Χρωβάτοι
661 2156 792 2245 ἄρχοντα
815 2158 867 2220 τὸν
897 2165 1000 2224 torum
1024 2159 1170 2240 princeps
1193 2165 1263 2224 erat
1286 2159 1416 2242 Porgo.¹

165 2260 171 2278 ⁸
260 2257 392 2350 [lup-(oi.1

347 2387 490 2448 Constant
505 2388 648 2465 porphyr.
665 2388 702 2447 de
718 2385 796 2448 adm.
814 2389 884 2463 imp.
902 2405 927 2448 c.
945 2389 983 2448 31
1002 2405 1032 2462 p.
1052 2389 1176 2447 lca-9
1195 2385 1242 2448 cd.
1259 2387 1352 2448 Bonn.

347 2472 432 2536 Licet
448 2474 512 2533 fieri
529 2475 631 2552 potuit,
648 2478 681 2533 ut
696 2474 852 2534 Heraclius
868 2475 931 2550 ipse
946 2473 983 2533 de
999 2472 1152 2543 Obroatis,
1182 2489 1268 2548 qnam
1287 2474 1410 2549 primum
1428 2474 1500 2532 Dal·

305 2562 423 2620 matiam
448 2565 643 2636 occuparent,
669 2560 706 2618 ad
730 2559 818 2619 fidem
836 2559 1022 2619 christianam
1039 2559 1245 2619 convertendis
1261 2561 1370 2618 ultimis
1385 2559 1501 2634 imperii

305 2648 389 2706 annis
405 2664 506 2706 curam
521 2652 648 2722 gereret,
665 2647 721 2706 hoc
732 2651 830 2705 tamen
843 2664 980 2721 magnum
991 2646 1189 2705 conversionis
1203 2661 1277 2721 opus
1291 2663 1326 2704 eo
1338 2649 1501 2720 imperante

306 2738 386 2792 certo
412 2751 469 2792 non
493 2738 538 2792 est
564 2733 732 2808 perfectum.
763 2734 858 2791 Maius
881 2733 1021 2806 temporis
1043 2732 1227 2791 intervallum
1244 2732 1319 2790 iuter
1334 2731 1502 2791 Dalmatiae

304 2820 527 2895 occupationem
543 2825 573 2878 et
588 2820 807 2878 conversionem
834 2817 982 2878 effluxisse
998 2821 1044 2878 vel
1060 2818 1123 2894 ipse
1140 2818 1348 2877 Constantinus
1363 2818 1503 2893 supponit

305 2923 357 2982 co,
382 2905 463 2980 qnod
478 2907 653 2981 baptismum
669 2905 796 2964 nationis
815 2905 869 2963 sub
885 2905 1017 2980 principe
1033 2905 1148 2980 Perga,
1172 2903 1232 2963 lilio
1249 2904 1347 2980 ducis,
1372 2903 1426 2964 sub
1442 2920 1501 2980 quo

304 2991 457 3050 Dalmatia
469 2985 613 3066 occupata
622 2991 688 3070 fuit,
705 2992 839 3050 evenisse
852 2989 939 3049 dicat.
954 2991 1108 3050 Caeterum
1121 2989 1328 3050 Constantinus
1340 2989 1377 3049 de
1390 2989 1501 3048 Obroa-

305 3081 399 3136 torum
418 3079 608 3136 conversione
625 3078 762 3137 confusas
778 3077 937 3138 relationes
952 3077 1063 3152 habuit,
1082 3077 1178 3151 prouti
1194 3077 1240 3135 vol
1258 3093 1295 3134 cx
1311 3094 1346 3135 oo
1363 3081 1499 3154 apparet,

306 3163 384 3238 quod
401 3165 524 3222 alteram
542 3163 638 3222 adhuc
655 3164 772 3223 saeculo
788 3163 830 3222 lx
846 3167 962 3222 usserat
985 3159 1028 3244 (v.
1045 3164 1082 3222 de
1099 3161 1177 3221 adm.
1193 3163 1263 3237 imp.
1280 3180 1306 3222 c.
1324 3165 1365 3222 30
1379 3181 1409 3238 p.
1430 3164 1500 3224 145.

303 3295 310 3327 ¹
330 3277 444 3368 Ποργά,
468 3296 584 3352 forsitan
601 3297 662 3352 loco
683 3278 791 3368 Βῠργά,
810 3297 863 3351 hoc
880 3312 942 3352 vero
960 3295 1019 3351 ioco
1037 3277 1132 3366 Βορκά
1150 3297 1216 3350 slav.
1237 3279 1358 3362 luccas.
1377 3279 1500 3361 [iocata.

262 3381 302 3437 Cf.
321 3381 440 3437 eiusdem
460 3383 603 3451 scriptoris
628 3382 704 3451 (ibid.
723 3400 749 3453 p.
772 3385 833 3452 145)
856 3364 974 3453 Πορῑνθς
997 3382 1057 3436 loco
1093 3365 1203 3452 Βῦρίνῡς
1224 3383 1241 3435 i.
1255 3397 1278 3436 e.
1301 3366 1424 3448 Ropousa,
1449 3381 1501 3434 Bo·

263 3485 337 3538 rene
356 3469 449 3537 sonu,
467 3470 566 3524 eorus.
585 3470 624 3524 st.
642 3468 821 3525 ucvauovrc:
846 3451 983 3538 cpncun
1007 3473 1190 3531 nouenuuu
1202 3471 1282 3538 pcc.
1295 3466 1437 3522 murone:
1449 3466 1502 3522 nie

261 3555 379 3625 Bildung
396 3555 445 3611 der
463 3555 529 3612 slav.
548 3555 786 3612 Perscnennamen
805 3571 847 3611 nr.
865 3559 907 3610 37.

866 3753 894 3813 5.

305 3846 381 3914 Ὅτι
402 3843 485 3914 οὗτοι
515 3853 540 3913 ct
570 3848 760 3937 βααασμὲνοι
783 3846 869 3937 Χρω-
942 3849 984 3915 Hi
1000 3856 1106 3915 nutem
1116 3847 1267 3916 Chrobati
1278 3849 1431 3931 baptizati
1449 3867 1501 3914 ex·

263 3951 349 4036 βάτοι
371 3955 479 4038 ἔξωθεν
499 3963 554 4028 τῆς
569 3945 640 4028 ἰδίας
656 3957 755 4018 αὐτῶν
771 3953 870 4041 χώρας
900 3961 950 4020 tra
979 3954 1095 4020 limites
1124 3954 1271 4036 propriae
1302 3959 1408 4017 terrae
1440 3971 1503 4019 nou

262 4062 398 4144 πολεμεῖν
432 4059 593 4145 ἀλλοτρίοις
630 4061 665 4121 od
702 4058 866 4140 βούλονται
898 4058 1034 4125 libenter
1055 4057 1126 4123 aliis
1149 4057 1266 4122 bellum
1283 4055 1430 4134 inferunt
1455 4056 1502 4121 ic·

260 4161 389 4248 χρησμὸν
409 4159 465 4248 γάρ
486 4184 552 4224 τινα
567 4165 617 4226 καὶ
632 4164 744 4250 ὁρισμὸν
759 4165 867 4244 ἔλαβον
897 4180 959 4244 que
975 4163 1049 4244 quia
1068 4160 1230 4228 oraculum
1253 4158 1412 4241 quoddam
1434 4160 1501 4224 sive

261 4266 341 4352 παρὰ
362 4275 417 4328 τοῦ
439 4263 529 4328 adnot
551 4263 666 4351 Ῥώμης
681 4274 734 4328 τοῦ
750 4267 798 4328 ἐπὶ
813 4275 867 4329 τοῦ
899 4271 1052 4332 statutum
1084 4269 1273 4346 acceperunt
1305 4282 1325 4328 a
1358 4259 1501 4328 Romano

259 4365 431 4455 Ἡρακλείου
454 4378 515 4452 κτοῦ
545 4367 685 4451 βασιλέως
714 4367 867 4457 Ῥωμαίων
896 4368 1054 4452 pontifice,
1079 4369 1132 4450 qui
1152 4367 1209 4432 sub
1225 4365 1372 4431 Heraclio
1388 4365 1503 4430 Roma·

261 4472 492 4544 ἀποστείλαντος
501 4475 577 4558 ἱερεῖς
585 4474 636 4534 καὶ
651 4471 775 4546 τούτους
790 4474 867 4556 durr-
898 4491 1009 4538 norum
1032 4472 1224 4554 imperatore
1240 4469 1424 4535 sacerdotes
1445 4468 1502 4532 mi·

259 4577 404 4654 siccaret.
435 4577 485 4638 καὶ
513 4575 568 4662 γὰρ
591 4568 671 4638 οὗτοι
693 4580 720 4638 οἱ
742 4573 867 4662 Χρωβά·
897 4578 940 4642 sit
972 4593 1090 4657 eosque
1126 4573 1309 4655 baptizavit.
1349 4570 1501 4637 Chrobaii

260 4699 323 4753 τοι,
354 4679 433 4766 μετὰ
458 4679 496 4743 τὰ
519 4679 626 4752 αὐτοὺς
654 4680 865 4762 βαπτισθῆναι,
896 4679 1051 4761 siquidem
1082 4684 1156 4762 post
1184 4683 1350 4762 acceptum
1381 4673 1502 4756 baptis·

1379 4775 1398 4808 'k
