3520 5422
770 701 860 774 53.

196 807 220 879 r,
243 805 314 870 mm

199 959 489 1047 „Chiroprapdaw
516 961 611 1048 Petri,
635 963 755 1028 abbatia
778 967 1003 1030 mormaterii'a
1024 964 1207 1046 Obriaopoai
1228 961 1377 1046 Judcraa,
1394 961 1432 1027 dc

266 1069 359 1132 terris
382 1067 518 1132 arcadem
539 1072 721 1134 monasterii
744 1071 776 1134 ia
799 1069 912 1134 Diculo
934 1079 962 1135 et
984 1072 1018 1134 ia
1040 1070 1143 1134 iacula
1168 1067 1357 1133 Postimaau.

632 1207 745 1278 (Charta
763 1210 790 1263 iu
810 1209 864 1264 tine
881 1209 1000 1278 manca.)

239 1315 259 1395 †
290 1315 381 1378 Anao
413 1333 540 1398 quoque
571 1314 726 1396 ‹loiniaicp
758 1315 986 1381 iacamacioais
1018 1315 1183 1381 millesimo
1215 1339 1256 1380 ux
1288 1315 1431 1397 septimo,

195 1418 371 1485 indiccione
393 1420 510 1501 quinta
536 1427 727 1502 epactam,
751 1419 973 1486 eoricurrentd
997 1419 1159 1502 septimo.³
1182 1421 1347 1502 Regnanta
1374 1419 1429 1486 do·

174 1524 278 1600 xatino
301 1522 507 1590 Constantino
530 1525 620 1591 Duce
642 1545 756 1608 magno
781 1527 982 1608 imperatore,
1007 1527 1198 1607 prioratum⁴
1221 1525 1338 1605 Jadorp
1354 1544 1431 1591 uero

194 1627 378 1709 presidente
401 1629 526 1696 domino
558 1629 624 1694 Leo
652 1630 815 1710 imperiale
846 1630 1101 1712 protospathario
1131 1637 1164 1696 ot
1185 1629 1431 1696 tociusDalma·

194 1733 243 1812 cie
267 1739 431 1816 catapano.
463 1733 531 1816 Ego
556 1734 682 1814 quidem
705 1735 819 1800 Petrus
849 1734 951 1830 sancti
983 1733 1166 1818 Chrisogoni
1190 1735 1289 1800 abbas
1319 1735 1428 1800 imme·

194 1838 275 1902 ritus
298 1857 403 1916 corno,
427 1839 510 1920 quod
537 1840 565 1902 iu
589 1838 638 1903 bis
655 1839 859 1921 temporibus,
883 1840 913 1902 in
930 1839 1044 1920 quibus
1061 1839 1123 1904 iam
1139 1839 1335 1906 deueoerunt
1351 1837 1430 1906 fines

195 1943 384 2022 sectatorum,
414 1943 564 2008 nonnulla
579 1943 806 2008 subtrabuntur
822 1943 861 2008 do
883 1944 1135 2026 possessionibus
1163 1952 1343 2010 sauctorum
1373 1964 1430 2028 per

196 2047 353 2130 ingluuias
369 2048 494 2113 anxium
512 2047 741 2112 murisianorum
759 2069 796 2114 uc
818 2049 910 2114 deum
936 2067 997 2113 non
1021 2051 1202 2114 narencium
1230 2049 1344 2114 callida
1365 2069 1428 2114 ma-

194 2153 394 2218 chinamenta
416 2159 448 2218 ot
471 2151 581 2217 dolosa
597 2171 631 2217 se
654 2153 828 2217 amancium
852 2153 988 2234 plurima
1009 2161 1207 2236 argumenta.
1231 2153 1325 2220 Unde
1338 2173 1427 2238 cyro-

194 2257 348 2340 graphum
371 2257 431 2323 hoc
454 2259 493 2323 ad
524 2257 721 2340 posteritatis
750 2259 931 2324 memoriam
960 2277 1030 2324 esso
1059 2259 1165 2324 studui
1197 2277 1265 2324 crum
1298 2260 1427 2324 consilio

194 2380 231 2428 ac
255 2361 419 2428 uoluntate
442 2369 473 2429 et
497 2361 725 2429 testificacioue
748 2363 904 2444 propinate
928 2363 1014 2428 urbis
1037 2363 1198 2439 nobilium,
1223 2382 1354 2444 quorum
1372 2383 1426 2429 uo-

192 2465 277 2531 mina
299 2468 408 2532 subter
423 2467 579 2549 asscripta
595 2467 822 2548 reperientur,⁵
845 2468 885 2533 de
900 2465 1160 2550 possessionibus
1176 2467 1235 2532 hoc
1258 2474 1308 2533 est
1321 2468 1426 2544 terris,

191 2570 302 2654 uineis,
327 2572 464 2651 abactis,
488 2573 614 2653 pascuis
639 2590 684 2636 acv
698 2573 927 2654 piscacionibus
944 2573 1103 2654 prenotati
1119 2572 1254 2652 cenobii,
1278 2572 1427 2639 uidelicet

189 2676 276 2741 beati
299 2673 485 2760 chrisogoni
511 2675 645 2742 Christii
669 2677 824 2754 martiris3
856 2677 908 2742 uel
937 2677 1107 2760 inquibus
1138 2678 1215 2742 locis
1237 2673 1426 2758 hpc'omnia

189 2779 374 2859 habeantur,
403 2800 464 2863 qap
490 2787 632 2862 tempore
647 2783 707 2847 mei
725 2781 883 2863 regiminis
900 2782 933 2846 iu
950 2783 1101 2870 obsequio
1118 2781 1250 2847 fratrum
1266 2783 1298 2847 in
1314 2782 1423 2848 eadem

190 2885 324 2966 ecclesia
346 2886 406 2950 deo
430 2887 638 2950 seruiendum
662 2905 733 2950 esse
756 2886 899 2968 cognom,
925 2905 964 2950 ne
987 2885 1080 2950 alicui
1103 2885 1143 2952 de
1165 2887 1351 2968 subscriptis
1373 2906 1424 2952 re·

189 2991 249 3056 bus
277 2991 436 3056 minuendi
466 2989 599 3054 facultas
631 2991 661 3054 ia
692 2997 854 3072 posterum
884 2989 1050 3056 tribuatur.
1085 2989 1121 3054 lu
1151 2991 1260 3072 primis
1289 3009 1425 3073 namque

188 3095 327 3161 scribere
347 3113 494 3160 curamus
516 3095 719 3172 territorium,
743 3097 774 3159 iu
798 3113 860 3176 quo
884 3095 977 3175 uiuae
1001 3101 1034 3161 et
1049 3094 1133 3174 oliae
1150 3096 1250 3160 nostri
1265 3103 1423 3162 monaste·

188 3201 224 3264 rii
249 3220 319 3266 esse
342 3200 485 3284 plantato
509 3205 680 3266 noscuntur
703 3201 734 3264 in
757 3201 838 3280 loco,
867 3199 920 3282 qui
951 3199 1086 3265 Ycalus⁷
1109 3201 1296 3280 nominatur,
1320 3207 1353 3267 et
1375 3201 1424 3267 his

188 3305 331 3370 terminis
352 3305 557 3371 terminatur:
583 3311 632 3370 est
655 3307 683 3368 ia
708 3305 820 3372 eodem
851 3305 920 3370 loco
951 3305 1042 3370 unitis
1073 3305 1154 3370 iufra
1185 3307 1264 3372 (tuos
1290 3305 1429 3372 humiles‘

186 3410 242 3476 scd
265 3415 410 3492 petrosos
433 3409 529 3475 colles
552 3416 698 3490 porrecta
720 3411 751 3474 iu
775 3411 904 3487 oriente,
929 3429 991 3491 que
1015 3411 1142 3476 rabiosa
1165 3411 1294 3491 diuitum
1318 3416 1425 3476 otest

188 3515 307 3598 primus
332 3517 484 3580 terminus
508 3515 583 3581 dicti
605 3517 756 3581 territorii
780 3535 800 3580 a
822 3515 925 3598 capite
947 3515 1046 3597 ipsius
1069 3515 1162 3580 uallis
1184 3517 1216 3579 iu
1230 3517 1352 3582 oriente
1368 3515 1423 3580 ubi

187 3622 286 3686 eciam
310 3619 442 3702 pusillus
465 3619 569 3685 ulmus
598 3626 683 3686 stare
707 3623 847 3686 cernitur
877 3639 978 3700 usqne
1008 3619 1048 3685 ad
1076 3620 1223 3697 limitem,
1255 3621 1308 3702 qui
1340 3620 1423 3686 ultra

187 3725 338 3807 puthenm
361 3724 501 3790 eiusdem
525 3726 583 3789 laci
605 3725 636 3788 iu
661 3724 857 3791 occidentale
887 3730 978 3806 parte
1005 3725 1160 3802 hebetum
1191 3731 1223 3792 et
1253 3725 1334 3790 alius
1365 3743 1423 3806 per

186 3837 402 3895 transuersum
427 3849 447 3894 a
468 3849 555 3895 mare
579 3847 679 3911 usque
695 3831 778 3895 uiam
794 3831 964 3911 antiquam,
989 3848 1050 3912 que
1065 3837 1114 3896 est
1129 3835 1239 3896 contra
1255 3829 1386 3897 Sublato
1398 3832 1423 3912 3⁸

186 3935 218 3999 in
241 3952 304 4015 qua
326 3935 425 3999 eciam
448 3933 507 3998 bac
531 3934 570 3999 de
594 3953 689 3999 causa
712 3936 774 4000 sita
796 3941 846 4001 est
875 3934 1049 4016 antiquitus
1076 3934 1199 4016 petrina
1220 3936 1355 4017 paruula
1370 3956 1421 4001 co-

186 4037 346 4116 lumnella,
370 4056 431 4120 que
455 4045 525 4105 erat
547 4039 587 4104 ab
609 4039 846 4104 insidiatoribus
870 4039 910 4106 de
932 4057 990 4104 suo
1013 4039 1208 4105 occidentale
1227 4040 1296 4105 loco
1313 4041 1420 4122 priore

186 4149 308 4210 remota
330 4143 362 4208 in
384 4143 505 4209 oriente
529 4145 617 4224 quasi
641 4163 751 4225 passos
774 4145 944 4223 ducentos,
977 4161 1070 4224 quam
1093 4162 1150 4209 nos
1173 4163 1243 4209 cum
1266 4163 1420 4210 consensu

186 4247 394 4314 Obroatormn
407 4248 501 4331 regis,
519 4248 644 4313 nomine
659 4248 837 4327 Cresimiro,
856 4267 1048 4331 suorumque
1059 4248 1210 4314 nobilium
1224 4250 1421 4316 restituimus

185 4355 217 4418 in
239 4353 309 4418 loco
333 4353 475 4434 pristino.
498 4351 589 4418 Hauc
611 4353 713 4435 ipsam
736 4353 870 4435 denique
892 4359 1008 4420 terram
1032 4353 1080 4418 bis
1104 4353 1198 4435 paulo
1214 4373 1311 4436 supra
1329 4355 1419 4422 dictis

186 4459 328 4524 terminis
351 4458 550 4523 terminatam
575 4459 642 4524 sine
665 4457 870 4525 infestatione
893 4477 1026 4539 quorum
1042 4458 1120 4523 libet
1135 4457 1294 4524 homiuum
1319 4461 1419 4526 seruis

186 4563 235 4630 dci
257 4567 410 4645 perpetuo
434 4562 658 4644 possidendam
680 4563 741 4628 hoo
763 4562 857 4630 modo
880 4564 1054 4645 antiquitus
1074 4563 1106 4627 in
1122 4569 1232 4629 nostro
1247 4563 1311 4628 iam
1334 4565 1418 4630 dicto

185 4669 373 4736 monasterio
404 4667 505 4732 fertur
535 4667 633 4734 fuisse
661 4669 784 4746 datam;
819 4668 904 4749 quod
934 4668 1061 4750 quidam
1089 4667 1172 4734 enini
1208 4667 1416 4734 Obroatorum

187 4791 249 4855 rex,
273 4773 403 4839 ueniens
425 4773 466 4838 ad
489 4773 664 4840 oracionem
688 4774 720 4839 in
743 4772 911 4853 ecclesiam
933 4774 1130 4857 prephatam,
1155 4792 1212 4856 pro
1236 4791 1292 4854 sup
1316 4793 1416 4839 rema·
