3602 5304
1429 407 1491 474 257

257 619 444 698 susceperit
469 617 579 682 tradat
604 617 663 694 „ad
686 615 912 682 consolandum
932 614 1019 682 illum
1037 618 1210 700 epistolam,
1227 618 1280 683 ubi
1297 619 1325 684 ei
1340 623 1375 684 et
1389 619 1494 699 gratia

260 726 293 786 et
308 721 504 786 communia*
526 720 679 786 redditur.
704 717 909 784 Sabinianum
932 721 1113 803 episcopum
1131 721 1331 789 Jadartinum
1346 728 1380 788 et
1394 721 1503 789 Hono·

258 831 361 890 ratum
385 824 644 890 archidiaconum
667 823 878 890 salonitanum
901 843 970 890 curn
994 823 1132 890 Maximo
1156 827 1346 893 reconciliet.

347 949 476 1023 Registri
493 947 543 1008 lib.
561 947 603 1006 lX
618 964 666 1022 sp.
684 950 732 1007 80.
762 947 875 1018 blansi:
892 949 981 1010 Cone.
998 949 1064 1010 coll.
1081 951 1118 1024 X,
1138 951 1207 1011 165.
1230 951 1413 1028 sarlaten,
1432 953 1504 1010 277.

302 1035 375 1096 Cod.
392 1034 463 1111 dipl.
483 1032 567 1094 GSD.
584 1032 608 1110 1,
627 1035 677 1094 29.
697 1033 789 1094 lane:
806 1033 937 1110 Regesta
953 1053 1024 1096 rom.
1041 1041 1121 1112 pont.
1139 1053 1182 1096 nr.
1203 1039 1295 1096 1236.

855 1254 909 1314 50.

259 1337 282 1397 l.
297 1339 344 1405 tlt,
360 1355 429 1398 neno
444 1338 503 1400 iulio.

308 1456 397 1538 Papa
427 1457 600 1538 Gregorius
630 1457 644 1522 l
678 1457 834 1542 „Maximo
865 1457 1012 1537 episcopo
1040 1455 1236 1521 salonitano“
1270 1457 1407 1521 scribitz·
1422 1455 1507 1540 „Ubi

265 1561 393 1625 tandem
417 1559 537 1626 salubri
560 1561 692 1628 consilio
716 1579 793 1626 usus
816 1562 889 1642 iugo
912 1564 946 1625 te
976 1559 1174 1625 obedientias
1201 1558 1365 1624 humiliter
1389 1559 1506 1625 submi-

267 1664 335 1728 sisti
359 1669 392 1728 et
413 1669 471 1728 tua
494 1663 620 1730 dilectio
643 1664 871 1744 poenitentiam
895 1681 993 1746 agens
1017 1663 1113 1744 digna
1136 1682 1187 1744 se,
1216 1669 1251 1728 ut
1273 1662 1504 1744 deputavimus,

264 1765 483 1832 satisfactione
505 1768 663 1848 purgavit,
689 1767 845 1833 redditam
870 1767 927 1832 tibi
950 1767 1085 1850 gratiam
1108 1765 1271 1832 fraternae
1295 1767 1435 1831 caritatis
1458 1767 1506 1831 in-

265 1869 375 1952 telligo
390 1875 488 1952 atque
505 1869 536 1934 in
552 1875 661 1936 nostro
678 1877 710 1936 te
726 1877 887 1952 receptum
911 1871 1069 1936 consortio
1085 1870 1246 1954 gratulare
1271 1920 1276 1932 .
1302 1923 1308 1935 .
1334 1871 1506 1951 Postquam

268 1991 344 2056 ergo
366 1972 552 2038 fraternitas
576 1983 631 2040 tua
652 1973 844 2057 apostolicae
867 1975 952 2040 sedis
976 1975 1225 2040 communionem
1249 1993 1283 2040 se
1303 1992 1508 2056 recuperasse

267 2077 437 2157 cognoscit,
462 2093 633 2158 personam
656 2079 695 2142 ad
719 2095 776 2144 nos
800 2078 1005 2160 transmittat,
1027 2095 1109 2157 quae
1132 2075 1262 2158 pallium
1283 2079 1340 2144 tibi
1364 2077 1508 2145 deferen-

265 2179 339 2245 dum
362 2199 401 2245 ex
421 2199 510 2247 more
534 2182 689 2263 percipiat
714 2232 719 2244 .
745 2231 785 2246 ..
820 2181 911 2246 Licet
932 2186 1038 2245 auteur
1071 2188 1105 2245 et
1134 2180 1175 2245 ad
1202 2181 1280 2247 haec
1308 2183 1509 2249 concedenda

265 2283 463 2364 dispensatio
486 2303 544 2350 nos
567 2285 627 2349 loci
650 2284 749 2350 nostri
774 2285 941 2361 locaverit,
966 2283 1099 2347 multum
1123 2287 1229 2348 tamen
1250 2285 1374 2350 anobis
1396 2285 1507 2366 petitio

266 2387 440 2452 dulcissimi
463 2395 562 2468 atque
586 2387 840 2453 excellentissimi
863 2385 919 2452 filii
943 2386 1044 2453 nostri
1068 2386 1185 2453 domini
1207 2383 1350 2452 Callinici
1373 2388 1509 2468 exarchi,

266 2497 302 2554 ut
321 2491 549 2571 temperantius
573 2507 650 2571 erga
674 2497 706 2556 te
729 2508 905 2572 ageremus,
929 2491 1067 2572 eangist.
1091 2567 1094 2572 Ι

353 2615 482 2690 Registri
499 2614 549 2674 lib.
566 2614 608 2674 lX
624 2631 671 2690 ap.
689 2617 739 2674 81.
768 2615 878 2673 blansi:
895 2613 985 2674 Corra.
1002 2615 1067 2676 coll.
1085 2615 1121 2694 X,
1140 2617 1211 2675 166.
1227 2616 1355 2676 farlati:
1376 2616 1415 2692 11,
1433 2617 1505 2704 23⁰:

310 2699 381 2760 Ood.
399 2701 471 2776 dipl.
488 2699 571 2760 CSD.
588 2701 612 2778 1,
630 2703 680 2760 29.
696 2701 789 2760 lane:
806 2701 935 2775 Regesta
951 2707 1031 2776 pont.
1048 2718 1119 2763 rom.
1136 2719 1180 2761 nr.
1201 2703 1293 2760 1237.

352 2783 484 2861 Epistola
506 2787 580 2846 haee
601 2787 729 2846 Maximo
758 2788 873 2845 omnino
889 2789 998 2846 tradita
1013 2792 1075 2864 est,
1098 2793 1271 2864 postquam,
1297 2791 1366 2846 nota
1382 2787 1508 2862 quadarn

313 2869 424 2948 (blansi
440 2889 487 2948 op.
504 2872 552 2932 cit.
565 2873 602 2954 X,
620 2873 671 2933 82.
684 2873 795 2932 Farlatl
812 2873 849 2947 ΙΙ,
866 2875 1024 2933 att-80.
1037 2873 1109 2932 (lod.
1126 2873 1196 2948 dipl.
1213 2871 1296 2932 ost).
1314 2873 1336 2943 Ι,
1354 2869 1409 2955 30)
1421 2877 1506 2950 testo,

314 2957 473 3018 Ravennae
497 2975 598 3018 manse
622 2965 746 3035 augusto
766 2959 884 3035 publico
899 2961 971 3018 satis
986 2959 1104 3018 fecisset
1120 2965 1150 3018 ct
1164 2959 1373 3036 poenitentiam
1389 2960 1506 3035 egisset.

860 3175 911 3236 51.

268 3261 291 3321 l.
307 3259 355 3328 tlt,
370 3259 397 3319 tt
411 3261 503 3338 arguti.

312 3377 401 3461 Papa
424 3377 597 3459 Gregorius
620 3377 635 3441 l
660 3376 815 3463 „Maximo
839 3376 988 3458 episcopo
1019 3375 1227 3458 salonitano“,
1254 3377 1308 3443 ubi
1335 3379 1508 3460 „susceptis

272 3483 413 3563 episcopi
436 3480 604 3546 Mariniani
627 3480 772 3562 epistolis
794 3485 827 3546 et
841 3500 861 3545 a
876 3479 1022 3546 castorio
1045 3487 1216 3560 remeante,
1239 3499 1311 3547 eum
1328 3481 1510 3564 plenissime

272 3584 482 3664 satisfecisse,
515 3581 692 3668 cogrrovit“,
724 3583 854 3665 pallium
876 3602 934 3666 per
953 3583 1094 3650 eiusdem
1123 3584 1288 3650 diaconum
1313 3585 1510 3666 Stephanum

270 3688 376 3754 mittit.
403 3687 607 3753 Sabinianum
620 3689 802 3770 episcopum
815 3687 1024 3767 Jadertinum,
1041 3687 1239 3754 Honoratum
1256 3688 1509 3754 archidiaconum

271 3793 483 3859 salonitanum
507 3799 540 3858 et
561 3791 756 3858 Messianum
781 3792 929 3858 clericum
952 3792 1161 3858 commendat.

357 3917 486 3992 Registri
500 3917 550 3977 lib.
568 3917 610 3975 IX
626 3934 673 3991 ep.
694 3919 764 3977 125.
788 3917 898 3975 blansi:
921 3915 1010 3976 Onna.
1026 3917 1093 3976 coll.
1118 3916 1154 3992 Χ,
1179 3917 1229 3978 82.
1252 3916 1364 3976 Farlati
1381 3917 1420 3995 11,
1438 3917 1511 3976 281.

315 4003 385 4063 Ood.
403 4003 475 4080 dipl.
492 4001 576 4062 GSD.
593 4003 617 4074 Ι,
634 4005 686 4062 30.
702 4003 793 4063 aare:
811 4001 939 4078 Ragasta
955 4019 1027 4062 rom.
1043 4007 1124 4079 pont.
1142 4020 1186 4064 nr.
1206 4003 1297 4062 1282.

864 4219 915 4282 52.

274 4305 298 4366 l.
314 4307 359 4366 iil.

275 4438 400 4506 Slaaaai
427 4461 496 4506 cunr
518 4441 650 4524 Araris,
681 4459 742 4526 qua
774 4437 1057 4524 Langobardorum
1078 4440 1170 4525 socii,
1201 4437 1359 4506 Histriam
1381 4446 1514 4505 vastarat.

319 4561 382 4626 Per
404 4559 488 4625 idem
512 4567 637 4643 tempus
660 4579 806 4640 sumnus,
831 4581 887 4626 rex
910 4560 1086 4641 Hunorum,
1115 4561 1239 4646 legatos
1263 4561 1304 4628 ad
1324 4559 1513 4644 Agilulfum'

273 4663 489 4732 Mediolanum
512 4664 653 4746 mittens,
678 4681 788 4746 pacem
812 4682 882 4730 cum
905 4683 942 4732 eo
965 4663 1049 4731 fecit.

1374 4771 1411 4834 ll
