3572 5276
344 650 511 712 rao-m.
956 566 984 625 2'

570 785 662 850 Slaoi
684 807 808 851 laurone
828 785 1042 868 foroiuliensis
1066 793 1168 852 terras
1190 789 1350 870 infestant.

390 907 493 973 Multo
515 908 660 988 fatigatio
681 907 883 991 Langobardi
908 915 941 972 et
964 910 1130 990 oppressio
1147 930 1166 975 a
1182 909 1365 976 Sclavorrnn
1390 932 1468 994 gens
1492 915 1588 977 suisti„

350 1015 435 1097 nuit,
467 1013 665 1094 usquedum
690 1014 863 1092 imperator
894 1011 1092 1096 (Letharius)
1116 1013 1377 1082 Foroiulanorum
1402 1017 1589 1082 Eblrerordo
1666 1026 1676 1032 ·

348 1118 522 1200 principem
545 1117 720 1182 constituit.
745 1117 792 1182 Eo
817 1114 1002 1197 defuncto‚¹
1033 1115 1183 1183 Unhroeh
1206 1116 1270 1185 filio
1294 1137 1351 1184 sno
1375 1120 1584 1203 principatum

349 1224 498 1303 suscepit.

394 1347 572 1494 23r5lndroao
594 1345 780 1424 Bergomatie
804 1345 971 1406 chronicon.
996 1347 1098 1408 Perta:
1122 1325 1201 1408 Mon.
1219 1347 1317 1409 Germ.
1335 1349 1361 1410 V
1388 1348 1463 1430 (Ser.
1480 1348 1539 1432 Ill)
1558 1371 1587 1428 p.

375 1631 379 1638 ·
409 1555 412 1562 Ι
435 1600 481 1658 De
498 1599 582 1658 bellio
598 1599 763 1659 Ebcrlrardi
781 1617 844 1659 cnm
862 1598 958 1658 Slevis
975 1599 1053 1658 canit
1068 1617 1187 1674 quoque
1202 1605 1307 1676 poeta:

508 1718 585 1797 „Qui
610 1718 741 1784 Sclavos
764 1717 876 1797 fortes,
900 1717 1065 1798 Numidas,
1091 1717 1285 1799 Maurosque
1309 1717 1430 1787 feroces

506 1821 609 1903 Saepe
631 1821 847 1904 triumphavit,
871 1819 1039 1905 intertecit,
1064 1822 1242 1903 spoliavit“.

435 1946 566 2005 Historia
590 1945 733 2004 ecciesiae
758 1945 945 2005 (liconiensis.
973 1945 1155 2021 D’thery:
1179 1945 1368 2022 spicilegium
1386 1951 1519 2008 veterum
1535 1949 1593 2008 ali-

392 2037 465 2106 quot
479 2033 665 2107 scriptorum.
680 2032 720 2111 11,
741 2033 811 2092 878.

437 2117 498 2178 Sub
514 2118 611 2178 Slavis
626 2117 674 2177 hio
689 2118 745 2177 loci
762 2118 1024 2194 subintelligendus
1040 2133 1105 2177 esee
1120 2119 1287 2179 Dalmatiae
1310 2118 1432 2196 slavos,
1460 2121 1511 2194 qul
1533 2120 1593 2180 hoc

395 2209 528 2279 temporo
544 2204 684 2264 Venetiae
701 2221 793 2278 usque
809 2209 1010 2280 excurrerant,
1027 2204 1125 2263 omnia
1140 2207 1205 2264 aori
1222 2206 1362 2265 adiuncta
1377 2207 1534 2266 insinuant.

389 2319 590 2376 'Eberhardus
614 2322 649 2376 ab
673 2338 697 2376 a.
716 2324 768 2376 836
794 2322 903 2390 saepius
927 2320 955 2375 in
980 2323 1050 2376 actis
1076 2321 1233 2390 adducitnr;
1261 2321 1375 2378 forsitan
1394 2327 1454 2377 eret
1472 2321 1593 2376 Baldrici

349 2408 383 2474 (v.
404 2423 430 2476 p.
450 2411 513 2474 333)
531 2415 595 2476 post
612 2425 637 2463 a.
656 2409 753 2463 82816
772 2408 940 2464 foroiulienei
958 2424 1050 2463 marca
1076 2423 1225 2464 successor.
1251 2407 1379 2464 Unrnoch
1404 2409 1535 2464 euoeeeeit
1553 2407 1594 2463 illi

346 2509 370 2548 a.
390 2497 536 2550 864-866.
555 2494 709 2550 Dllmmler:
740 2496 830 2552 Ueber
848 2495 891 2550 die
910 2496 1094 2551 edddstlichen
1114 2497 1238 2550 Marlren.
1258 2496 1283 2550 S.
1304 2499 1398 2551 30-1.
1426 2495 1591 2551 Geschichte

349 2580 396 2636 des
415 2581 546 2636 ostlrllnlr.
567 2582 683 2638 Reiohee
700 2583 721 2651 l,
743 2587 800 2638 117.
822 2587 878 2638 174.
900 2587 959 2638 317.
979 2586 1037 2639 386.
1057 2587 1117 2638 399.

349 2898 404 2958 ruo
420 2899 490 2974 torro.
955 2817 984 2877 3⁸

348 3017 419 3082 Par
448 3019 530 3083 inter
563 3016 733 3083 Olcrootiae
757 3023 935 3104 priempere
966 3019 1169 3105 Domopojum
1192 3027 1220 3083 et
1249 3017 1447 3084 Veneriorum
1481 3020 1591 3086 dacem

794 3123 908 3189 Ursum
932 3122 1151 3190 Particiacnm.

391 3245 515 3311 Deinde
548 3247 603 3327 (sc.
628 3246 732 3312 occiso
755 3246 834 3312 duce
857 3245 953 3312 Petro
977 3263 1059 3311 anno
1083 3245 1158 3326 864)
1189 3244 1231 3311 ad
1262 3243 1399 3310 eundem
1423 3245 1589 3326 dignitatis

349 3349 472 3414 culmen
504 3350 663 3431 quendam
694 3351 796 3414 virum
824 3349 982 3416 Ursonem
1012 3349 1138 3414 nomine
1170 3349 1456 3414 sublimarunt...
1489 3349 1592 3414 Preli-

348 3452 442 3517 batus
466 3453 593 3532 quidem
617 3453 718 3519 Ursus
742 3454 805 3519 dux
827 3454 980 3520 aduersus
1003 3453 1261 3536 Dommagoum,¹
1293 3451 1476 3518 sclavorum
1502 3451 1587 3533 prin·

353 3555 464 3636 cipem,
489 3575 559 3621 cum
582 3557 686 3622 nauali
710 3557 928 3639 expedictione
951 3557 1142 3638 properavit.
1168 3555 1232 3622 Sed
1253 3563 1403 3622 cernente
1427 3575 1465 3621 eo
1488 3556 1593 3622 Vene-

351 3661 491 3730 ticorum
506 3661 761 3744 multitudinem,
787 3661 926 3743 proibuit
949 3681 1103 3742 pugnam,
1129 3679 1237 3743 paoem
1261 3661 1434 3740 requisivit.
1467 3661 1593 3726 Deinde

348 3766 488 3846 acceptis
520 3763 684 3830 obsidibus
716 3765 777 3830 dux
809 3767 849 3830 ed
882 3765 1049 3832 Venetiam
1081 3765 1254 3846 repedavit.
1290 3764 1410 3829 Eodem
1442 3763 1592 3830 videlicet

351 3875 493 3948 tempore
516 3868 725 3951 Deusdedus,
759 3868 969 3935 Torcellensis
998 3870 1182 3950 episcopus,
1214 3887 1234 3932 a
1256 3868 1380 3934 duobus
1404 3868 1470 3931 suis
1494 3869 1593 3932 serri-

346 3974 468 4039 toribus
493 3974 577 4054 apud
600 3973 742 4038 Altinum
766 3971 968 4050 interfector.
1000 3973 1082 4039 diem
1107 3971 1208 4037 finivit
1230 3972 1385 4037 ultimum.
1421 3969 1514 4047 Quod
1537 3991 1592 4035 au-

350 4077 455 4143 diente
480 4077 551 4155 dux,
575 4095 672 4142 unum
695 4097 734 4143 ex
756 4077 819 4142 illis
842 4077 926 4141 iusta
945 4073 1073 4154 flumen,
1097 4075 1182 4158 quod
1199 4075 1273 4141 Silis
1289 4076 1590 4153 vocatur‚.alterum

349 4200 425 4248 vero
456 4181 488 4245 in
517 4180 712 4248 Torcellensl
743 4181 855 4246 lacuna
886 4179 1081 4261 suspendere
1112 4180 1327 4262 permisit...
1360 4179 1428 4244 Hac
1452 4179 1591 4260 deniqne

349 4289 542 4366 tempestate
566 4284 701 4350 Michatl
725 4287 898 4366 imperator
927 4283 1116 4350 interfectus
1142 4282 1227 4362 est;⁹
1260 4283 1397 4350 Basilius
1420 4304 1495 4351 vero
1520 4303 1591 4350 cum

350 4410 407 4456 suo
431 4389 494 4454 filio
520 4388 728 4455 Constantino
752 4389 961 4470 imperatores
984 4387 1089 4454 effecti
1113 4396 1195 4454 sunt.

437 4513 580 4575 iohannis
597 4513 697 4576 olrron.
715 4521 812 4576 venet.
829 4515 916 4578 Perta
931 4513 983 4580 SS.
1001 4514 1066 4593 VII,
1087 4516 1220 4581 18-19,
1237 4513 1274 4575 Α.
1288 4514 1417 4577 Dauduli
1430 4513 1532 4576 cirron.
1544 4515 1592 4576 ed.

392 4601 534 4666 Muratori
549 4600 617 4683 XII,
636 4603 706 4666 182.
