3572 5276
1401 417 1463 483 433

144 613 152 634 ⁰
220 621 269 685 καὶ
292 625 329 694 εἰς
351 620 388 682 τὰ
413 617 570 703 Βυζάντιον
601 618 796 706 ἀνεπέμφθη,
827 622 876 682 καὶ
907 610 985 707 ἀνδρὶ
1016 618 1197 706 ωνέζεύχθη
1227 621 1267 684 ἑνὶ
1289 628 1349 684 τῶν
1371 621 1400 684 ὲν
1423 629 1464 706 τῇ

218 725 303 788 πόλει
333 723 525 811 μεγιστάνων,
556 726 605 785 καὶ
627 727 643 786 ὁ
666 722 803 810 Διογένης
825 721 921 809 ἄρχειν
944 722 1066 810 ἐτάχθη
1096 732 1151 797 τῆς
1173 723 1334 794 νεοκτήτου
1357 724 1462 812 χώρας.

308 849 430 924 Georgii
455 847 580 908 cedreni
605 847 792 908 historiarum
812 845 1017 924 compendium
1032 852 1102 909 tom.
1120 849 1159 926 11,
1176 865 1208 923 p.
1225 849 1288 908 476
1305 849 1352 912 ed.
1368 849 1463 912 Boun.

264 981 326 1056 Τῆς
357 981 539 1069 Βουλγαρίας
566 973 599 1044 δὲ
629 973 828 1054 &obiectione
902 982 1054 1064 Bulgeriu
1076 983 1196 1050 domita
1225 983 1321 1050 etiam
1345 981 1464 1050 Gratia·

220 1096 261 1171 n]
283 1094 344 1149 τῶν
366 1083 520 1171 Ῥωμαίων
543 1087 684 1172 ἡγεμονίᾳ
714 1089 764 1148 καὶ
786 1086 827 1147 τὰ
857 1093 962 1152 torum
984 1104 1064 1168 gens
1086 1093 1120 1150 et
1152 1083 1300 1152 Sirmium
1322 1086 1465 1154 Murano

221 1199 282 1252 τῶν
299 1187 465 1276 Κραβάτων
481 1189 555 1258 ἔθνη
572 1187 731 1272 ὑπέκυψαν,
749 1188 829 1250 ἀλλὰ
859 1189 1043 1270 imperatori
1066 1207 1102 1254 se
1126 1189 1350 1256 submiserunt.

221 1302 324 1379 parebo
347 1295 396 1354 καὶ
418 1293 455 1355 τὸ
477 1289 600 1378 Σίρμιον.

310 1415 433 1478 Ioannis
449 1415 581 1477 Zonarae
597 1417 718 1476 enodes
733 1415 783 1476 lib.
801 1415 880 1496 XVI,
898 1433 922 1476 o.
940 1418 970 1475 9.
987 1433 1015 1491 p.
1036 1418 1106 1476 178.
1124 1415 1256 1478 venetiis
1277 1417 1369 1478 1729.

309 1553 456 1629 Georgius
471 1553 623 1613 cedrenus
638 1549 668 1632 (ὁ
686 1540 852 1636 Κεδρηνός),
876 1551 1045 1630 monachus,
1069 1555 1197 1630 scriptor
1218 1554 1328 1614 monii
1351 1553 1394 1612 XI
1411 1571 1462 1614 ex·

267 1640 363 1700 eunde
378 1644 409 1699 et
423 1639 480 1698 XII
496 1635 631 1717 ineuntis,
647 1639 818 1714 oompiiavit
837 1657 875 1697 ex
897 1639 1037 1714 operibus
1057 1637 1178 1714 Georgii
1200 1638 1342 1718 Synoelli,
1364 1639 1464 1700 Theo·

228 1787 239 1808 .
267 1725 374 1801 phanis
396 1729 426 1784 et
451 1725 572 1785 Ioannis
596 1723 740 1799 Soylitzes
763 1717 884 1804 Σύνοψιν
908 1725 1036 1807 ἱστοριῶν
1061 1741 1152 1800 usqne
1174 1726 1213 1785 sd
1228 1744 1255 1788 s.
1283 1727 1376 1800 1057,
1400 1726 1464 1786 sive

266 1827 360 1886 usque
378 1810 417 1870 sd
439 1811 551 1870 initium
574 1811 690 1885 imperii
712 1811 807 1869 Issaei
831 1811 980 1871 comneni.
1006 1811 1116 1870 Verum
1139 1810 1275 1886 praefata
1298 1811 1401 1872 notitia
1425 1809 1463 1870 de

268 1896 425 1958 chroatiae
441 1901 471 1956 et
486 1895 594 1971 Syrmii
609 1897 804 1957 submissione
819 1915 877 1956 non
894 1899 1040 1972 reperitur
1056 1899 1085 1956 in
1101 1897 1168 1974 iliis,
1189 1898 1296 1973 quibus
1311 1895 1463 1959 cedrenus

268 2000 337 2044 usus
352 1987 406 2063 est,
423 1983 571 2058 operibus.
588 1982 721 2042 Eandem
738 1984 870 2042 notitiam
886 1983 1017 2042 breviter
1040 1983 1221 2063 perstrinxit,
1244 1983 1386 2059 operique
1409 1999 1463 2043 suo

268 2069 390 2129 inseruit
404 2068 534 2129 Ioannes
549 2068 689 2140 Zonaras,
706 2070 752 2126 vir
763 2069 868 2129 Alexio
884 2065 1318 2148 lcomnsno(1osr-1118)
1333 2087 1352 2129 a
1367 2085 1464 2129 seore-

268 2155 314 2215 tis.
331 2155 368 2215 V.
384 2152 497 2214 Rudolf
508 2154 641 2214 Nicolai:
665 2153 842 2215 Gesohiobte
862 2154 915 2214 der
931 2154 1174 2230 byzantinisoheu
1197 2153 1258 2215 und
1279 2153 1463 2231 neungeebi·

269 2240 358 2302 seben
380 2240 538 2300 Liberatur.
563 2239 780 2300 Grieobeniand
804 2239 1077 2320 (Sepsrstsusgsbe
1092 2257 1146 2300 ans
1162 2241 1215 2301 der
1230 2242 1301 2316 alig.
1320 2239 1464 2316 Enoyolo·

266 2327 354 2408 pedis
367 2345 394 2387 v.
410 2325 505 2386 Erseb
515 2343 544 2388 u.
559 2325 688 2404 crubor)
697 2325 779 2404 VIII,
793 2329 866 2386 319.
880 2329 953 2387 339.
964 2323 1087 2388 Hireoh:
1099 2326 1328 2402 Byzantinisebe
1339 2325 1463 2388 Studien

267 2411 295 2489 p.
324 2413 386 2472 375
410 2413 439 2472 ff.
463 2412 590 2473 Muralt:
615 2413 700 2472 cesai
724 2412 762 2472 de
786 2411 1030 2493 chronographie
1053 2413 1211 2488 bysantino
1234 2414 1258 2490 1,
1275 2429 1304 2488 p.
1321 2411 1462 2474 XXVI-

312 2617 360 2678 Ad
372 2617 498 2680 Gedreni
510 2619 681 2680 Sermonem
696 2618 883 2679 referendam
894 2635 961 2679 esso
972 2623 1078 2695 putant
1094 2624 1251 2699 monetam,
1268 2620 1351 2681 ouius
1367 2635 1465 2680 exem-

270 2705 366 2782 plaris
381 2704 449 2787 dou,
465 2704 505 2765 sd
519 2705 648 2766 Danubii
664 2705 759 2781 ripam
775 2705 923 2779 quondam
939 2709 1068 2782 reperta,
1084 2721 1162 2766 nuno
1177 2705 1299 2765 Parisiis
1314 2705 1344 2766 iu
1358 2707 1466 2765 namis-

271 2795 380 2852 matum
403 2791 584 2851 ooiieetionis
606 2791 736 2852 sectione
758 2791 919 2866 byzantina
941 2795 1142 2852 asservantur.
1166 2792 1200 2850 Iri
1220 2789 1295 2852 fade
1310 2789 1466 2867 prineipali

271 2877 356 2938 adast
384 2881 554 2937 eonsvetom
584 2895 805 2953 monogramma
831 2875 980 2937 indicans:
1003 2869 1218 2936 ΘΕΟΤΟΚΕ
1241 2869 1413 2948 ΒΟΗΘΕΙ,
1436 2877 1467 2936 in

273 2965 368 3024 altera
383 2980 455 3024 vero
471 2963 621 3039 inseriptio
638 2965 667 3022 in
682 2968 743 3022 tres
759 2964 852 3023 libeas
869 2963 1023 3022 distinete:
1042 2955 1466 3044 ZEPM-ttcTP-THAAT,

270 3051 333 3110 sive
356 3041 505 3108 ΖΕΡΜΩ
528 3041 886 3129 cincinnatus).
921 3047 1028 3123 Quoad
1054 3047 1178 3108 formam
1206 3049 1320 3110 aooedit
1346 3054 1466 3111 monete

273 3134 347 3196 baeu
362 3135 401 3194 ad
416 3135 459 3194 sio
475 3134 568 3194 diotae
583 3135 816 3196 semi-braotess.
830 3133 867 3197 c.
880 3134 1125 3210 Sublumberger:
1141 3135 1294 3196 Monusies
1305 3134 1377 3196 d'or
1389 3132 1466 3195 d’un

272 3219 341 3282 thei
360 3221 485 3295 bulgaro
507 3218 546 3280 du
570 3220 613 3279 XI
635 3221 732 3282 sieoie.
762 3221 865 3281 Revue
889 3221 1128 3298 sreheologique‚
1155 3221 1292 3284 nouvelle
1313 3221 1399 3301 serie,
1427 3223 1466 3284 le

270 3311 374 3386 eunde,
390 3305 436 3366 111
450 3305 531 3366 Mars
550 3308 642 3368 1877,
661 3302 753 3382 Paris,
772 3324 799 3383 p.
822 3309 957 3368 173-6.

265 3421 419 3478 rueme
438 3427 466 3478 a
484 3421 604 3491 eojsrav.
623 3420 655 3478 v.
674 3426 736 3477 seu
755 3437 794 3478 nr.
814 3423 856 3490 rs,
875 3439 901 3491 p.
921 3427 962 3478 er.
1036 3422 1192 3480 ²nornen
1209 3422 1269 3480 1000
1281 3403 1467 3492 Νεστὸμποι,

227 3508 294 3567 slav.
311 3495 464 3559 Ueturius.
483 3507 515 3564 V.
535 3507 674 3564 Miklosit:
701 3507 752 3562 Die
775 3507 892 3577 Bildnng
916 3509 965 3564 der
989 3510 1057 3568 slav.
1085 3509 1322 3566 Persouennamen
1347 3525 1389 3567 ur.
1408 3512 1466 3566 376.

786 3786 916 3861 213.

226 3889 247 3952 c.
263 3909 283 3952 a
299 3891 425 3952 itit-tt.

225 4009 460 4094 Arobiepr'suopi
493 4011 680 4095 pulmonis
716 4008 827 4090 Pauli,
863 4019 1012 4096 reponare
1042 4014 1075 4076 in
1110 4009 1259 4076 Obroatis
1293 4009 1468 4090 Orear‘miru

771 4119 927 4181 memorio.

272 4233 402 4302 Arbiter
433 4241 559 4315 eterne,
592 4235 680 4302 eolus
710 4236 823 4301 mirum
854 4238 908 4318 qui
938 4236 1090 4304 finonerat
1111 4237 1259 4319 globum,
1290 4235 1365 4302 iube
1387 4235 1472 4302 hune

226 4337 376 4406 uolumen
398 4345 453 4404 tuo
477 4355 567 4406 suero
591 4357 707 4405 sereno
731 4340 874 4421 aspicere
897 4340 1006 4425 uultu,
1041 4340 1127 4423 quod
1158 4358 1216 4421 pro
1247 4356 1337 4406 suam
1367 4339 1474 4421 adque

227 4443 295 4506 suis
318 4442 427 4508 debita
449 4441 564 4508 obtulit
586 4443 703 4509 domno
726 4443 860 4527 Paulus,
892 4444 1086 4511 uenerabilis
1117 4443 1387 4525 archiepiscopus,
1410 4442 1472 4509 hoo

228 4546 345 4611 librum
368 4545 561 4628 psalmorum
585 4547 626 4612 ad
647 4545 775 4614 laudem
799 4554 979 4615 sanatorum
1002 4553 1192 4630 martyrum:
1216 4546 1358 4630 Dumnii,
1388 4545 1472 4613 Ane-

230 4649 310 4716 stssi
343 4655 440 4732 atque
471 4656 652 4716 ssnotmum
685 4647 817 4718 cosmae
848 4656 881 4718 et
912 4649 1070 4718 Damioni.
1104 4649 1168 4720 Sed
1198 4657 1232 4717 et
1254 4669 1312 4716 uos
1335 4667 1472 4734 quoque,

1325 4757 1367 4826 28
