3520 5422
1377 429 1417 492 51

187 629 282 700 potius
299 627 476 686 cumutamus
493 633 550 698 est3
569 629 622 686 uici
639 629 767 686 mutueris
784 627 874 685 dicere
891 621 1034 697 utrumque
1051 642 1148 684 nomen
1166 627 1291 697 (Gorbun
1309 635 1337 685 et
1354 629 1422 687 dru-

190 716 255 786 bun,
274 716 398 772 Gor-buis
415 723 443 770 et
461 715 592 772 Grubeda.
610 715 644 770 ct.
663 714 727 770 ibid.
746 731 789 772 nr.
804 717 852 784 94)
869 715 904 770 ub
923 715 1125 772 similitudinem
1143 716 1190 770 uui
1208 714 1348 786 eidemque
1366 729 1426 788 per·
1528 751 1529 754 η

188 819 273 860 sonae
292 805 460 861 adtributum
477 803 569 860 tumea.
659 803 669 835 ³
688 801 783 860 Potius
808 804 1021 874 „grippumreut
1045 805 1151 876 grippa,
1169 805 1281 876 grippus
1298 825 1333 854 =
1350 804 1426 862 nuria

187 906 284 960 genus.
356 893 366 924 ⁴
384 893 470 948 omniu
488 932 495 946 .
515 933 521 946 .
543 933 549 946 .
622 889 790 946 ⁵habercnt.

190 1192 212 1254 d.
227 1193 287 1264 tuo,
301 1211 372 1254 usuc
387 1192 500 1256 tetmaris.
514 1191 619 1272 daigruii.
764 1085 855 1158 40·

222 1329 381 1409 „Cortulo
403 1329 604 1397 absolutionis
626 1338 655 1396 at
677 1327 849 1396 libertatis“
875 1329 951 1396 doto
973 1349 994 1394 u
1015 1349 1086 1415 repa
1109 1329 1200 1396 Petro
1226 1329 1394 1396 Oresimiro

331 1467 335 1475 ·
415 1437 649 1502 monasterius.
672 1434 809 1502 Joonnis
831 1455 937 1520 concy.
960 1434 1020 1501 cito
1043 1433 1203 1520 Betprodi.

958 1573 1277 1644 (cmmeincerpoleta)

486 1659 514 1766 e.
1099 1699 1131 1764 a.

821 1784 1097 1870 Prinilegium
1132 1785 1245 1871 regis
1290 1783 1425 1854 Oresi-

822 1890 979 1958 miride
1000 1890 1426 1959 libertatehuinsmo·

1009 1993 1238 2064 casterii.¹²

232 2115 254 2199 †
275 2112 366 2181 Anno
382 2115 422 2182 ab
440 2114 656 2183 incarnatione
676 2116 792 2183 domini
864 2117 903 2184 In
925 2117 1050 2185 nomine
1072 2124 1181 2186 sancte
1204 2123 1238 2185 et
1259 2117 1423 2186 indiuidua

189 2220 292 2286 nostri
306 2219 385 2288 iesu
398 2217 531 2286 Christi¹
547 2221 692 2288 millesim
706 2244 726 2284 n
741 2240 792 2288 mo
822 2222 973 2289 trinitatis
997 2221 1134 2306 (Amen).
1166 2222 1257 2290 Anno
1279 2224 1423 2290 incarne-

189 2334 288 2407 vnn0,
326 2323 498 2390 indictione
530 2327 595 2389 xci
627 2325 792 2408 Ragrrante
821 2327 915 2394 tionis
937 2326 1016 2393 Jasu
1035 2325 1152 2393 Christi
1168 2329 1306 2393 omnium
1323 2327 1424 2394 dorni·

190 2427 377 2498 Gresimiro³
409 2445 485 2512 rege
519 2426 727 2495 Ghrcatorum
759 2435 792 2498 et
820 2431 925 2498 nantis
959 2430 1126 2498 millesimo
1162 2433 1423 2516 quinquagesimo

189 2533 438 2610 Dalmatiarum,
478 2551 588 2600 mense
624 2532 790 2603 februario.
822 2554 905 2603 nono
929 2537 1076 2619 abeunte,
1102 2535 1272 2602 indictione
1303 2537 1426 2604 decime

189 2639 229 2704 In
244 2639 373 2704 ciuitate
388 2637 575 2721 Balgrudo.⁴
600 2637 793 2724 Dregealeo‘
821 2641 976 2728 elabente,
1008 2641 1191 2708 beatissimo
1217 2660 1300 2726 papa
1329 2641 1424 2711 Nico-

189 2743 298 2826 priore
320 2748 353 2810 et
375 2742 554 2810 Theodosio
574 2745 722 2827 episcopo
737 2746 792 2811 ab·
821 2745 874 2811 leo
897 2746 1120 2813 uniuersaliter
1146 2747 1263 2812 mundo
1297 2754 1424 2830 aposto-

191 2847 358 2914 solutionis
368 2848 565 2917 etlibertatis
576 2848 795 2915 kartulatacte
822 2851 947 2934 licente,
970 2851 1002 2915 in
1017 2851 1147 2918 orientis
1173 2851 1325 2934 partibus,
1343 2849 1424 2919 Con-

191 2961 243 3020 eat
278 2953 469 3020 monasterio
506 2954 606 3020 sancti
641 2952 795 3021 Johennie
825 2955 1071 3036 stuntinopoleos
1103 2955 1229 3036 scilicet,
1263 2955 1425 3024 ormnem

192 3057 398 3142 euangelista,
421 3076 521 3142 nuper
544 3059 605 3125 sito
627 3057 660 3123 in
680 3059 792 3126 ecdem
821 3058 1003 3141 imperante,
1036 3077 1072 3126 ec
1102 3059 1251 3143 Belgradi
1279 3061 1425 3129 Theodo-

192 3163 272 3242 ioco‚
284 3167 435 3245 presente
446 3163 573 3229 Andros
586 3162 703 3230 abbate
712 3165 794 3231 cius·
824 3165 870 3232 sio
903 3163 1101 3248 prosaicum,
1136 3165 1316 3248 ibidemque
1344 3167 1425 3234 Dru·

193 3285 255 3349 que
276 3267 446 3347 tratribus,
477 3269 547 3350 ipso
569 3287 646 3352 rege
669 3268 797 3335 iubente
826 3270 935 3352 gosleo
965 3269 1135 3351 priorante,
1166 3288 1276 3336 meuse
1299 3271 1426 3352 quidem

192 3373 253 3439 hoc
273 3373 388 3439 modo:
410 3373 479 3456 Ego
504 3371 653 3441 Cresimir
667 3392 723 3440 rex
738 3374 796 3439 tibi
825 3373 995 3440 februario.
1030 3373 1100 3457 Ego
1136 3371 1320 3440 eresimir¹³
1354 3374 1425 3444 Ste-

194 3477 371 3545 nenerabili
388 3476 495 3544 abbati
511 3476 648 3562 Andros,
672 3478 797 3560 tuisque
826 3478 922 3561 phaui
945 3477 1029 3561 regis
1051 3478 1144 3558 filius,
1169 3479 1276 3546 diuina
1298 3479 1426 3548 iuuenta

192 3581 356 3660 fratribus,
372 3587 490 3663 tuoque
501 3583 692 3662 monasterii,
710 3583 794 3665 quod
823 3584 990 3651 clementie
1025 3605 1080 3652 rex
1116 3585 1275 3654 Delmatia
1308 3587 1426 3655 Chroe·

193 3705 267 3754 mea
299 3687 439 3754 iussione
472 3694 506 3754 et
538 3687 667 3766 solatio,
703 3687 795 3752 immo
825 3689 940 3771 cisque,
954 3687 1425 3776 Andreamuirumreligiosum

193 3791 296 3874 magis
319 3797 427 3858 uestro
449 3790 560 3858 labore
582 3793 748 3859 inchoatur
764 3798 797 3859 et
826 3793 885 3860 deo
909 3801 942 3860 et
962 3794 1141 3860 hominibus
1171 3797 1329 3878 dilectum,
1359 3817 1426 3866 mo-

193 3895 367 3980 perficitur,
399 3897 504 3964 tribuo
522 3903 555 3962 et
582 3897 719 3964 concedo
742 3897 796 3982 ita,
826 3900 947 3983 nendo,
979 3899 1119 3983 rogando
1149 3901 1189 3965 ab
1219 3901 1334 3987 insula,
1364 3920 1426 3982 que

193 4007 231 4068 ut
241 4001 396 4084 premisso
410 4001 620 4082 ecclesiastico
631 4002 700 4069 iure
715 4002 794 4068 nulli
823 4001 898 4069 Zuri
913 4011 1120 4086 nuncupatur,
1137 4005 1289 4071 aduocaui
1302 4004 1425 4087 pretate

79 4095 86 4107 ’
193 4094 313 4172 homini
328 4105 545 4189 subiugcmini‚
561 4106 620 4172 nisi
633 4107 691 4172 deo
708 4125 792 4174 sum·
824 4108 911 4176 urbis
934 4107 1092 4192 pontifice,
1124 4109 1238 4191 priore,
1270 4110 1362 4189 clero,
1387 4127 1424 4176 ac

193 4229 255 4290 mo,
279 4211 331 4277 cui
352 4217 492 4278 uestram
508 4211 649 4276 militiam
666 4213 794 4280 deuoui·
824 4213 940 4294 populo
953 4213 1089 4291 uolente,
1114 4219 1246 4296 cogente
1258 4220 1291 4280 at
1306 4214 1425 4281 collau-

194 4317 271 4396 stis3
293 4320 464 4398 uesterque
485 4316 668 4383 monasterii
683 4316 725 4383 sit
739 4315 795 4382 ab·
827 4317 932 4382 dante.
957 4317 1026 4396 Quo
1048 4317 1202 4384 aduocato
1219 4319 1347 4401 suisque
1361 4319 1429 4385 fra·

194 4421 318 4487 solutus
349 4421 389 4487 ab
422 4423 506 4487 omni
537 4420 635 4488 fiscali
666 4422 796 4501 tributo,
826 4422 945 4500 tribus,
969 4422 1029 4487 hiis
1051 4423 1200 4506 predictis
1222 4425 1427 4506 presentibus

196 4532 328 4610 exceptu
360 4525 444 4607 quod
470 4526 573 4608 gretia
598 4525 742 4593 karitatis
763 4529 796 4592 in
827 4527 984 4610 episcopo,
1008 4527 1113 4611 priore
1129 4547 1166 4594 ec
1181 4527 1372 4612 belgradinis
1385 4530 1427 4594 ci·

197 4629 461 4712 sollempnitatem
511 4629 652 4697 ciusdem
695 4630 795 4712 eccle·
825 4632 926 4717 uibuS,
952 4633 985 4698 in
1008 4635 1169 4714 presentia
1189 4635 1286 4701 etium
1308 4633 1427 4700 domiui

199 4737 245 4818 aie
280 4737 430 4820 episcopo
463 4733 524 4802 loci
559 4735 658 4818 ipsius
697 4752 796 4820 agnus
825 4735 981 4803 Mainardi
1018 4739 1267 4807 reuerentissimi
1298 4739 1359 4805 rriri
1392 4746 1426 4807 et

1307 4843 1325 4879 ὕ
