3602 5304
1412 401 1470 465 189

238 605 399 672 uolumine
428 605 511 672 inter
540 623 647 672 sacros
677 609 822 672 auctores
855 602 1073 687 comperimus.
1098 603 1191 670 Unde
1221 604 1384 672 hortamur
1400 625 1468 684 uos,

237 711 480 788 dbeuami‚¹¹
501 715 537 774 ut
562 729 633 776 cum
663 709 778 776 uostris
808 709 981 792 episcopis,
1012 708 1158 776 iohanne
1187 709 1310 777 scilicet
1339 715 1468 776 sanctae

239 816 450 882 anconitanae
472 822 505 882 et
528 814 635 880 Leone
659 819 788 880 sanctam
818 814 1011 896 palestrinae
1041 813 1246 883 ecclesiarum
1276 814 1344 892 dei,
1376 814 1474 882 iuncti

238 925 414 1000 cuncteque
435 938 492 1000 per
522 916 765 984 Saluuiuicam¹²
788 923 905 984 terram
934 919 1087 984 audacter
1110 919 1268 1002 corrigere
1299 919 1469 1001 sategerim

238 1044 279 1090 aa
300 1043 414 1106 nempe
437 1023 578 1103 ratione,
610 1029 645 1088 ut
668 1022 755 1090 nullo
778 1023 871 1089 niodo
894 1025 934 1088 ab
957 1023 1082 1088 illorum
1105 1041 1201 1104 supra
1230 1023 1382 1090 dictorum
1406 1025 1473 1106 epi·

239 1147 408 1210 scaporum
432 1129 574 1194 doctrina
596 1129 627 1192 in
651 1129 757 1210 aliquo
781 1127 910 1194 deniare
933 1127 1154 1210 praesumatis
1178 1129 1224 1193 ita
1245 1134 1281 1194 ut
1303 1129 1473 1197 secundum

239 1252 346 1300 mores
362 1241 491 1302 sanctae
506 1251 656 1298 romanae
673 1232 826 1298 ecclesiae
842 1232 874 1296 in
890 1230 1142 1298 Sclaoinorum¹⁸
1164 1240 1251 1299 terra
1266 1233 1472 1300 ministerium

238 1337 384 1404 sacrificii
408 1345 572 1419 peragant,
597 1338 628 1402 in
652 1336 750 1402 latina
773 1336 891 1402 scilicet
915 1335 1024 1418 lingua
1046 1355 1109 1402 non
1132 1343 1238 1402 autem
1253 1337 1285 1402 in
1308 1343 1472 1418 extranea3

239 1441 443 1524 quianullus
465 1441 549 1508 filius
573 1441 692 1524 aliquid
724 1441 806 1522 loqui
840 1441 935 1507 debet
964 1441 1017 1506 uel
1047 1459 1160 1524 sapere
1192 1442 1250 1508 nisi
1272 1449 1308 1508 ut
1331 1444 1472 1524 patarei

237 1547 455 1614 insinuaverit.
477 1547 520 1612 Et
544 1547 618 1628 quia
637 1545 804 1632 Sclauitni)
836 1545 1056 1626 specialissimi
1087 1545 1141 1612 lilii
1172 1553 1300 1612 sanctae
1327 1565 1475 1615 romanae

238 1650 394 1718 ecclesiae
417 1659 499 1730 sunt,
522 1652 556 1716 iu
580 1651 723 1716 doctrina
745 1651 855 1716 matris
870 1669 1058 1731 penuanere
1071 1650 1204 1730 debent3
1228 1651 1309 1718 sicut
1331 1651 1376 1718 ait
1399 1671 1474 1735 apo-

239 1756 358 1824 stolus:
385 1755 503 1840 ,lilioli
527 1773 606 1836 quos
623 1774 680 1836 per
695 1755 870 1822 doctrinam
887 1755 1043 1837 euangelii
1058 1773 1117 1836 ego
1133 1757 1265 1837 genui;“
1292 1756 1470 1822 etiterum:

242 1859 347 1940 „filius
370 1861 496 1942 sapiens
520 1859 671 1926 laetificat
692 1857 845 1940 patrem“.
868 1859 905 1924 In
927 1859 988 1925 boc
1009 1859 1119 1940 utique
1135 1859 1319 1940 gaudemus
1344 1862 1370 1926 si
1386 1861 1474 1928 Scla-

239 1962 337 2051 ni(ni)
353 1972 492 2031 nostram
505 1965 680 2031 doctrinam
698 1964 788 2046 sequi
800 1963 1008 2042 delectantur,
1024 1969 1060 2028 ut
1076 1965 1134 2032 deo
1147 1963 1333 2030 sacrificium
1348 1973 1474 2048 gratnm

238 2069 427 2147 exhibeant;
452 2071 598 2149 quoniam
621 2071 674 2152 qui
698 2087 760 2134 non
782 2067 845 2135 fide
867 2067 1057 2147 sacrificant,
1080 2087 1138 2135 nac
1153 2069 1212 2136 deo
1230 2089 1310 2152 pura
1324 2071 1474 2138 libamina

244 2174 395 2254 offerunt,
417 2192 531 2240 uereor
552 2193 593 2240 ne
617 2175 680 2242 illis
702 2173 875 2260 (elueniat,
898 2174 983 2256 quod
1006 2175 1246 2255 scriptumest:
1272 2175 1476 2261 ,maledictus

238 2281 344 2365 bomo,
368 2279 423 2361 qui
446 2299 544 2362 opera
566 2279 617 2344 dei
639 2279 838 2362 negligenter
859 2279 964 2346 lacit.“
990 2277 1084 2344 Unde
1108 2296 1165 2344 uos
1187 2297 1310 2360 moneo,
1335 2287 1370 2346 ut
1391 2283 1474 2348 mala

238 2385 331 2450 radix
352 2387 385 2450 iu
407 2385 524 2452 uestris
547 2383 691 2466 partibus
714 2383 840 2449 minime
863 2384 1005 2465 pullulet,
1030 2383 1089 2450 sed
1110 2388 1218 2449 nestra
1240 2384 1476 2465 praedicatione

238 2490 368 2556 assidua
390 2490 549 2556 dessicata
571 2493 707 2565 maneat,
733 2495 768 2552 ut
783 2487 842 2554 deo
858 2487 994 2553 fructum
1018 2485 1132 2554 oll'erre
1155 2488 1287 2554 valeatis
1308 2508 1369 2570 per
1385 2509 1475 2572 prae·

238 2594 430 2660 dicationem
453 2594 553 2660 uestri
582 2581 758 2670 ministerii,
782 2592 869 2658 alii¹⁴
900 2589 1120 2670 centesimum,
1152 2591 1207 2657 alii
1236 2595 1473 2676 sexagesimum.

238 2700 300 2777 Qui
323 2699 421 2766 habet
444 2716 538 2764 euros
561 2697 719 2776 audiendi,
743 2697 860 2763 audiat.

843 2855 874 2919 b.

241 2992 448 3060 ceronnam
480 3003 507 3060 ct
541 2993 739 3058 tlrulmorum
770 2991 920 3068 timreinais,
955 2993 1052 3075 elme,
1083 2992 1277 3078 privita-ibus
1305 3001 1333 3059 ct
1355 2995 1473 3080 populo

231 3099 480 3180 commendatur,
493 3107 528 3166 art
538 3118 682 3185 pueroaa
701 3097 881 3182 ,cunabulis
892 3099 925 3162 ia
937 3097 1041 3163 studio
1057 3098 1218 3164 literarum
1238 3099 1292 3164 deo
1308 3100 1473 3183 offerant“,

238 3225 312 3269 neoc
338 3207 388 3283 ,in
411 3203 546 3270 barbaro
562 3225 615 3268 acu
630 3204 796 3269 solemnica
812 3204 918 3288 linquo
934 3203 989 3266 cleo
1003 3203 1190 3286 sacrificium
1205 3201 1331 3288 offerri“
1349 3206 1476 3289 maana·

461 3310 570 3394 lupatis
592 3309 729 3374 romanis
751 3310 786 3372 ira
807 3307 947 3372 erunibus
966 3307 1059 3391 fidem
1079 3309 1257 3393 proebeant.

284 3432 446 3499 lohannes
468 3433 644 3516 episcopus,
669 3450 782 3497 seruus
805 3413 970 3496 seruorum
993 3431 1055 3510 dei,
1087 3430 1202 3498 dilecto
1227 3429 1291 3498 fibo
1315 3431 1472 3499 Tamislao

241 3539 312 3620 regi
327 3536 564 3621 C(b)roatorum
582 3544 614 3603 et
629 3536 775 3602 Michaeli
792 3536 1051 3602 excellentissimo
1067 3535 1138 3601 duci
1155 3533 1404 3616 Chulmorum,¹⁶
1419 3555 1477 3603 nec

238 3661 304 3708 non
326 3643 589 3709 reuerendissimo
613 3661 650 3708 ac
672 3642 874 3720 sanctissimo
886 3639 1036 3706 confratri
1052 3645 1160 3707 nostro
1176 3639 1323 3716 iohanni,
1341 3649 1472 3709 sanctae

239 3748 437 3814 salonitanae
449 3747 585 3814 eccleiae
597 3747 838 3827 archiepiscopo,
859 3745 1066 3825 omnibusque
1079 3745 1235 3825 episcopis
1254 3743 1474 3828 suffraganeis,

238 3871 352 3919 uerum
373 3853 468 3918 etiam
493 3853 637 3919 omnibus
668 3851 798 3933 zupanis
821 3851 1004 3930 cunctisque
1027 3849 1244 3916 sacerdotibus
1267 3856 1299 3916 et
1321 3851 1471 3917 uniuerso

238 3959 358 4040 populo
373 3975 431 4040 per
447 3957 681 4023 Sclauouiam¹⁶
703 3962 736 4022 et
758 3954 948 4020 Dalmatiam
964 3953 1240 4032 commorantibus,
1263 3954 1474 4022 dilectissimis

237 4061 313 4128 filiis
337 4062 462 4130 uostris.
485 4063 602 4128 Diuina
625 4060 848 4142 omnipotentis
871 4059 924 4124 dei
947 4059 1181 4140 dispensatione
1204 4059 1264 4124 hoc
1287 4065 1391 4124 actum
1415 4067 1474 4140 est,

237 4173 277 4234 nt
299 4166 477 4234 sollicitudo
507 4168 645 4234 omnium
675 4164 879 4231 ecclesiarum
910 4163 1001 4228 nobis
1034 4164 1203 4230 commissa
1225 4183 1295 4230 esse
1318 4165 1476 4247 credatur,

237 4291 279 4338 ea
300 4271 449 4338 uidelicet
472 4272 595 4336 ratione
618 4276 654 4335 ut
677 4269 832 4351 spirituali
856 4273 1026 4350 augmento
1050 4268 1211 4334 ualeamus
1239 4268 1399 4352 nequitiae
1423 4289 1474 4336 ca-

238 4377 369 4459 liginem
391 4375 542 4442 radicitus
565 4377 723 4456 extirpare
747 4374 787 4438 ab
804 4373 887 4438 omni
903 4379 996 4438 coetu
1012 4371 1263 4452 christianornm,
1289 4375 1475 4456 praesertim

236 4482 278 4546 ab
294 4480 358 4545 illis
374 4482 428 4562 qui
443 4479 660 4563 specialissimi
676 4477 733 4544 filii
748 4485 876 4544 sanctae
888 4496 1036 4544 romanae
1052 4477 1203 4544 ecclesiae
1219 4479 1474 4561 comprobantur.

237 4585 316 4663 Quis
346 4584 431 4650 enim
453 4585 601 4668 ambigit,
633 4581 851 4650 Saloninomm
874 4601 973 4664 regna
995 4582 1026 4646 in
1049 4582 1194 4664 primitiis
1226 4582 1418 4664 apostolicae
1441 4591 1474 4652 et

235 4689 425 4760 uniuersalis
456 4689 608 4758 ecclesiae
639 4707 711 4756 esse
741 4687 1006 4754 commemorata?
1036 4703 1106 4752 cum
1137 4687 1340 4753 acunabulis
1363 4705 1471 4756 escam
