3604 5276
1380 415 1441 480 331

265 621 378 699 bosque
394 621 574 700 bermundi,
589 624 691 684 Dravo
702 592 861 706 beneseto,
876 623 1013 702 Brigeris
1025 623 1206 685 occasionem
1220 625 1364 707 praebuit,
1380 639 1456 685 noro

264 709 332 770 item
348 709 376 769 in
392 711 483 786 plaga
497 710 549 770 iila
563 725 663 772 rerum
677 709 771 770 ordini
787 711 865 770 viam
880 711 994 772 emovit.

262 845 268 875 ¹
286 842 500 900 nortmannum
529 847 560 915 (ψ
579 847 611 900 re
630 860 687 915 apr.
706 847 769 918 err)
789 825 992 918 „Mepaetpoa
1009 832 1099 893 ὁτῶν
1115 827 1291 918 Βουλγάρων
1306 827 1455 912 pemmo&

220 930 388 1002 (Theophan.
408 939 480 988 cont.
498 931 543 988 lib.
562 931 596 1000 11,
616 949 637 988 c.
663 935 701 1004 17,
720 949 745 1002 p.
765 935 798 988 64
816 933 858 988 ed.
876 933 983 1003 Bonn).
1073 933 1082 964 ²
1099 933 1199 990 Zanes:
1226 933 1278 988 Die
1296 931 1454 989 Deutsoben

221 1019 277 1075 nnd
301 1020 344 1075 die
368 1019 617 1077 Nachberstunme.
646 1021 673 1076 S.
692 1025 757 1077 614:
785 1019 934 1090 „Westlich
952 1021 981 1076 in
998 1019 1050 1076 den
1068 1021 1262 1092 Umgebungen
1280 1020 1329 1077 der
1346 1021 1458 1076 Morare

221 1107 330 1164 konnen
348 1123 383 1162 an
403 1106 451 1163 der
467 1107 565 1164 Donec
583 1107 811 1166 cbendlandiecbe
829 1108 1024 1164 schrinsteller
1041 1105 1314 1178 desudassemus,
1331 1122 1459 1178 morgen·

222 1195 360 1252 lunone
380 1177 570 1267 Βρανίτζοβα,
598 1195 642 1251 ue
668 1196 723 1252 ue
751 1195 889 1252 referrens
916 1194 995 1251 suut
1022 1195 1078 1251 uno
1106 1195 1275 1252 enormen
1302 1195 1458 1253 nemaeo.

222 1283 319 1338 Leicht
337 1280 373 1339 iet
390 1281 540 1339 Prodenets
558 1283 586 1338 in
604 1282 801 1339 Prodeneoenti
819 1283 875 1338 und
892 1281 1009 1340 Brendia
1022 1281 1199 1352 Umsormung
1211 1282 1296 1338 durch
1308 1281 1360 1337 den
1372 1279 1459 1336 Mund

223 1370 271 1426 der
296 1369 488 1426 Abendidnder
515 1386 565 1426 aus
592 1369 652 1426 deur
678 1369 796 1427 Stemme
821 1371 921 1425 Branit
947 1371 995 1425 der
1012 1368 1132 1426 Nemone
1149 1369 1312 1439 Breuitevo‚
1341 1369 1396 1424 und
1414 1366 1458 1424 die

223 1458 442 1526 Oeta-bodriten,
469 1457 665 1514 Predenecenti
682 1458 743 1514 aiud
760 1457 803 1514 die
821 1457 992 1528 Braniderci,
1021 1457 1064 1512 die
1081 1473 1133 1513 von
1150 1456 1316 1526 Branitevo,
1341 1456 1384 1512 die
1402 1459 1459 1512 An·

223 1545 334 1601 wohner
351 1544 399 1601 der
415 1545 513 1602 Donec
537 1563 581 1601 nm
607 1546 649 1602 die
667 1545 808 1616 Mundnng
832 1544 880 1602 der
903 1546 1039 1602 Moreve“.
1058 1575 1093 1586 -
1120 1531 1240 1600 Saieiik:
1265 1545 1335 1600 Sion.
1359 1547 1456 1602 staret.

224 1639 272 1690 stt.
292 1637 356 1690 612:
377 1633 466 1703 „Sidla
480 1633 566 1703 jejicb
585 1634 761 1690 vauchovelc
779 1649 808 1690 so
826 1650 862 1690 na
879 1635 985 1690 sererni
998 1635 1091 1689 strant
1104 1631 1210 1704 Duncje
1223 1631 1257 1688 od
1270 1633 1355 1688 rtokn
1367 1631 1458 1702 Drtvy

224 1725 287 1794 pies
304 1721 409 1792 nyntjii
427 1721 710 1778 Bedsko-Bodroclron
734 1721 823 1778 stolioi
845 1736 863 1777 a
884 1721 974 1776 Benat
999 1720 1033 1776 do
1056 1719 1223 1788 Severum,
1251 1735 1287 1775 ne
1307 1719 1377 1790 jisui
1401 1719 1457 1789 pair

225 1812 317 1866 emeno
334 1809 369 1865 od
387 1809 483 1866 erbslre
501 1809 612 1882 biorevy
630 1814 663 1866 et
681 1810 701 1864 k
719 1809 859 1866 Timoku“.

829 2077 858 2138 2.

226 2163 250 2225 t.
266 2163 311 2226 tu.
711 2243 720 2261 .

271 2281 369 2349 Sacro
384 2281 525 2364 paschali
541 2280 626 2350 festo
646 2282 831 2350 solemniter
904 2281 1060 2364 Tempore
1091 2279 1296 2363 subsequenti
1329 2279 1461 2346 domnus

227 2385 417 2471 Aquisgrani
451 2386 629 2466 celebrato,
668 2385 828 2454 arridente
857 2387 1029 2469 imperator
1063 2389 1251 2453 conventum
1285 2403 1305 2450 a
1336 2383 1455 2467 populo

228 2493 322 2559 etiarn
346 2509 444 2557 verna
465 2491 629 2573 temperie,
658 2492 831 2574 imperator
860 2509 917 2558 suo
941 2490 1101 2556 celebrare
1120 2489 1214 2556 iussit
1227 2495 1371 2572 tempore
1387 2487 1462 2554 Maii
1508 2483 1513 2494 '

230 2595 452 2680 (Hlndovicus)
480 2595 616 2662 uenandi
640 2595 745 2678 gratia
767 2595 832 2663 No·
861 2595 979 2662 mensis
1016 2593 1213 2677 Aquisgrani.
1253 2592 1322 2672 Quo
1360 2591 1463 2660 consi-

230 2700 406 2784 viomegnm
422 2698 592 2782 profectus,
617 2699 741 2782 legatos
756 2699 831 2766 Bul·
861 2700 959 2767 stenti
980 2698 1099 2781 legatio
1121 2695 1347 2782 bulgarorum,
1380 2714 1463 2780 quae

230 2823 377 2888 garorum
416 2805 500 2870 circe
536 2803 673 2870 medinm
710 2803 828 2871 Maium
858 2805 912 2871 din
939 2805 972 2870 in
1001 2803 1150 2871 Baiomie
1173 2803 1346 2869 secundum
1368 2820 1460 2884 pree-

233 2908 423 2994 Aquisgruni
438 2910 546 2976 venire
560 2911 731 2993 praecepit.
754 2909 834 2976 Nam
865 2915 990 2992 ceptum
1021 2911 1088 2976 eins
1118 2909 1321 2988 substiterat,
1356 2907 1385 2976 ei
1407 2907 1462 2973 ed·

232 3013 352 3082 sicillo
376 3015 642 3094 revertissent,
666 3014 832 3088 habiturus
863 3015 959 3081 dueta
992 3021 1057 3096 est,
1100 3014 1189 3080 cuius
1224 3013 1358 3082 manime
1389 3017 1465 3096 post

230 3119 273 3186 ibi
296 3125 501 3198 conventum,
534 3138 628 3203 quem
650 3119 691 3186 de
713 3119 832 3186 Britta-
862 3121 948 3203 pacis
980 3119 1236 3186 constitutionem
1259 3119 1299 3184 de
1321 3115 1464 3184 terminis

230 3225 283 3290 nia
304 3243 470 3306 regressus
494 3243 532 3292 eo
555 3243 591 3291 se
613 3230 756 3308 tempore
775 3223 833 3292 ibi·
863 3223 924 3290 fuit
936 3229 1093 3292 terrerum
1103 3224 1187 3291 inter
1198 3222 1354 3306 Bnlgaros
1365 3221 1465 3288 Fran·

231 3329 302 3396 dem
335 3328 453 3398 babere
487 3330 584 3410 velle,
623 3329 829 3413 optimatibus
860 3347 977 3412 cosque
996 3327 1262 3396 custodiendis...
1286 3325 1462 3393 Dimmissis

230 3433 434 3501 indicaverat.
475 3434 543 3514 Quo
578 3453 664 3514 cnm,
703 3441 831 3518 peracto
862 3453 938 3518 ergo
961 3436 1133 3518 imperator
1154 3433 1365 3516 Buigarorum
1388 3431 1462 3498 mis·

231 3539 405 3622 venatione,
422 3538 698 3626 fnissetreversus,
714 3539 831 3623 Belga·
861 3539 906 3607 eis
924 3590 931 3606 .
949 3589 956 3604 .
975 3591 982 3606 .

129 3714 132 3723 ,
230 3662 337 3754 rorum
368 3643 556 3728 legationem
592 3645 729 3726 audivit;
764 3649 834 3712 erat
948 3680 1463 3757 viusrnoovieiimp.o.39.1>erta

232 3749 316 3816 enim
339 3749 378 3816 de
401 3749 545 3816 terminis
560 3767 597 3816 ac
619 3747 733 3817 finibus
748 3750 832 3818 inter
904 3771 1033 3850 112⁶?ss-

231 3853 386 3938 Belgaros
417 3861 451 3920 et
472 3853 611 3920 Francos
642 3855 834 3922 constituen-

233 3958 281 4026 dis
298 4011 305 4026 .
325 4009 356 4025 ..
380 3959 558 4042 Inperotor
581 3977 666 4040 vero,
688 3959 797 4027 audita
818 3959 1027 4044 Bulgarorum
1049 3957 1219 4042 legatione,
1243 3973 1301 4038 per
1324 3952 1461 4032 eosdem,

232 4063 288 4146 qui
311 4063 351 4129 ad
376 4082 447 4131 eum
469 4063 714 4144 missiserant,
738 4065 862 4147 legatos
883 4064 952 4146 regi
975 4081 1084 4130 eorum
1103 4061 1207 4128 missis
1222 4059 1346 4140 litteris,
1372 4063 1465 4139 prout

232 4169 412 4248 videbatur,
436 4167 612 4253 respondit
644 4168 835 4252 dimissoque
858 4173 1021 4248 conventu¹
1047 4168 1080 4233 in
1102 4166 1264 4249 Vosegum
1287 4164 1328 4231 ad
1350 4163 1465 4230 Bume-

232 4273 288 4340 rici
310 4279 448 4340 montem
469 4273 605 4341 venandi
627 4274 731 4360 gratia
752 4271 912 4358 proiectus
929 4323 936 4338 .
954 4318 987 4335 ..

317 4414 461 4476 Einhardi
475 4417 596 4477 annales
612 4415 651 4478 ad
665 4433 693 4477 a.
710 4417 782 4479 825.
811 4417 914 4477 Perta:
937 4413 1016 4475 bion.
1035 4413 1134 4478 Germ.
1151 4413 1257 4495 Script.
1277 4413 1302 4495 1,
1318 4413 1392 4473 321.
1420 4407 1465 4476 Gi.

275 4501 407 4564 Enberdi
422 4501 495 4565 fuid.
510 4506 607 4566 annai.
625 4505 664 4568 ed
680 4521 708 4571 a.
727 4505 799 4567 825.
815 4501 885 4570 ibid.
902 4501 925 4585 Ι,
942 4503 1015 4574 358.
