3572 5276
1380 393 1444 454 425

181 593 398 680 'deportavit
429 597 473 662 Et
502 616 540 662 ex
570 597 630 663 boc
661 596 788 663 maioris
819 597 881 662 odii
912 597 1070 662 omnnium
1099 597 1182 662 inter
1211 595 1383 664 Veneticae
1414 602 1449 662 et

207 699 339 766 Sclavos
370 701 536 782 pululavit.
569 699 817 783 Coeperuntque
846 700 962 766 iterum
996 717 1124 767 censum
1157 702 1326 782 inportune
1361 701 1448 766 ducis

206 805 331 883 exiere,
362 805 479 885 quibus
509 805 572 870 dux
600 823 658 887 pro
682 805 807 870 illorum
831 804 1002 885 ignominia
1025 803 1238 870 demandans:
1272 803 1362 890 „Non
1393 822 1450 886 per

210 908 385 989 quemlibet
407 910 593 995 nunciorum
616 907 700 974 bunc
723 910 850 974 mittere
873 926 964 993 curo,
989 909 1047 973 sed
1070 909 1137 973 vita
1159 908 1281 990 comite,
1304 907 1346 972 ad
1369 907 1451 972 bane

209 1012 454 1094 persoluendam
480 1013 641 1078 dationem
663 1013 771 1079 venire
794 1014 864 1094 ipse
887 1031 949 1078 non
972 1013 1168 1094 denegabo“.

295 1135 440 1196 lobannis
458 1137 561 1197 ebron.
579 1143 674 1198 venet.
692 1138 779 1198 Perta
795 1137 874 1197 Mon.
894 1136 992 1200 Germ.
1009 1135 1059 1197 SS.
1076 1137 1143 1214 VII,
1160 1138 1298 1198 30—31.
1315 1136 1351 1195 A.
1368 1137 1449 1196 Dan-

252 1223 314 1368 }nlli
342 1222 476 1370 {gaucia
512 1227 612 1285 venet.
644 1225 694 1284 lib.
726 1225 777 1302 IX,
805 1242 834 1299 p.
865 1226 913 1286 10.
941 1224 1101 1284 Muratori:
1131 1224 1272 1300 Scriptor.
1301 1240 1357 1286 rer.
1386 1223 1447 1282 ital.

312 1357 319 1386 ,
407 1355 414 1370 .

818 1485 846 1544 2.

215 1615 292 1684 Dva
308 1617 423 1684 Petras
440 1618 483 1682 ΙΙ
500 1617 645 1684 Urceolas
660 1619 801 1685 navalem
824 1619 1046 1703 expeditionem
1070 1619 1175 1684 ducit:
1197 1618 1328 1704 Adsero,
1351 1617 1452 1703 Vale,

210 1723 312 1808 Arba,
336 1722 477 1807 dedero,
503 1721 711 1808 Belpeadam,
735 1721 933 1808 Leae'qraola,
963 1721 1165 1808 Tragurium,
1190 1722 1364 1808 Spalatum,
1388 1721 1453 1786 Ra-

208 1828 335 1912 gasiam
357 1847 389 1891 se
410 1827 563 1911 subdant,
598 1825 737 1892 Oaraala
766 1835 794 1892 et
817 1827 958 1892 Ladesta
988 1831 1166 1910 capiuntur.
1198 1825 1452 1912 »91φή111181-

345 1933 455 2016 ripaae
474 1931 561 2014 filivs
583 1931 668 1995 obses
690 1931 797 1996 datar.
825 1930 902 1994 Cara
924 1929 1119 1997 Nareatava‘s
1138 1951 1207 2014 pac
1228 1933 1317 1995 inita.

255 2051 324 2119 Illis
354 2069 490 2132 namque
520 2051 719 2134 temporibus
749 2053 781 2116 in
811 2051 1089 2117 Dalmacianorum
1122 2050 1256 2119 confinio
1287 2070 1350 2116 non
1380 2051 1453 2133 plus
1545 2106 1550 2112 .

212 2175 308 2239 quam
331 2155 577 2222 lateranenses⁸
600 2156 685 2222 cives
700 2155 927 2222 Veneticorum
943 2157 1030 2221 ducis
1047 2156 1158 2221 ditioni
1182 2157 1452 2237 obtemperabant,

213 2279 295 2342 quos
319 2259 505 2326 Orestarum
531 2277 568 2326 ac
589 2259 847 2327 Narentanorum
880 2261 1039 2342 principes
1072 2261 1184 2326 crebro
1208 2258 1351 2343 affligere
1374 2258 1454 2324 solo-

213 2366 301 2448 bant,
326 2364 358 2430 in
381 2368 504 2429 tentum
528 2368 564 2428 ut
583 2363 776 2430 Nomentani
798 2363 911 2430 horum
934 2365 1146 2446 quadraginta
1169 2363 1455 2446 compraehenden-

213 2471 280 2545 tes,
306 2486 412 2534 secum
443 2468 590 2550 viln)ctos
622 2469 881 2549 deportaverunt.
915 2467 1010 2534 Unde
1040 2467 1316 2533 Dalmatiaoorum
1347 2466 1455 2548 populi

215 2590 326 2639 omnes
349 2589 454 2654 poene
477 2572 570 2637 simul
595 2574 829 2650 convenientes,
852 2572 948 2639 Petro
971 2571 1198 2638 Veneticornm
1226 2571 1299 2636 duci
1321 2571 1387 2636 suis
1409 2570 1456 2634 in·

215 2676 390 2743 terouneiis
412 2676 473 2741 boc
496 2675 785 2753 demandaverunt,
822 2675 906 2757 quod
936 2676 964 2740 si
985 2676 1054 2757 ipse
1075 2675 1182 2741 venire
1206 2679 1263 2740 aut
1282 2677 1456 2742 exereitum

215 2781 345 2848 mittere
367 2780 471 2860 vellet,
497 2781 550 2861 qui
574 2798 628 2845 eos
651 2799 672 2845 a
692 2778 908 2865 Selilavorum
938 2781 1109 2846 severitate
1141 2778 1311 2857 liberaret,
1341 2779 1401 2860 ipsi
1425 2785 1458 2845 et

215 2885 343 2951 illorum
366 2884 511 2950 dmtates
534 2889 692 2966 perpetua
715 2884 891 2950 stabilitate
921 2902 998 2950 suae
1024 2901 1217 2964 suorumque
1241 2901 1455 2950 successorum

216 2989 371 3072 potestati
394 2987 540 3056 subditos
563 2995 739 3055 manerent.

262 3093 333 3159 Hoc
356 3093 488 3160 audiens
511 3092 626 3159 Petrus
643 3091 716 3168 dux,
740 3092 828 3158 nulla
846 3091 1036 3173 interposita
1053 3091 1217 3170 dilacione,
1240 3109 1369 3157 suorum
1385 3110 1457 3157 oon-

218 3197 289 3264 silio
313 3198 453 3262 munitus
476 3197 622 3262 navalem
645 3216 818 3280 preparare
843 3196 1075 3278 expeditionem
1097 3196 1231 3278 peregit,
1260 3196 1457 3278 septimoque

216 3304 266 3367 sui
289 3303 423 3368 ducatus
454 3318 553 3378 anno,
584 3299 779 3367 ascensionis
810 3300 928 3366 domini
950 3299 1061 3379 iesto⁴,
1094 3319 1164 3366 cum
1195 3299 1261 3365 suis
1291 3300 1324 3364 in
1355 3301 1455 3364 sancti

218 3405 306 3471 Petri
322 3405 515 3472 olivolensis
538 3405 693 3470 aecclesia
709 3406 749 3471 ad
765 3405 935 3470 missarum
958 3404 1133 3469 ministeria
1155 3403 1360 3485 percipienda
1383 3421 1456 3469 con-

218 3511 328 3574 venire
352 3510 461 3574 voluit.
486 3509 546 3574 Cui
568 3508 780 3587 Dominicus⁵‚
805 3508 947 3574 eiusdem
970 3508 1031 3584 loci
1053 3508 1240 3593 episcopua,
1268 3507 1461 3589 triumphale

219 3613 369 3679 vexillum
394 3615 543 3692 contulit,
572 3619 606 3677 et
628 3631 723 3679 unam
746 3613 880 3679 classem
904 3613 1135 3678 consencientes
1157 3611 1212 3679 illo
1237 3612 1288 3678 die
1311 3612 1460 3692 Equilen·

218 3718 306 3784 1111ὃ
328 3724 455 3800 portum
477 3717 683 3783 intraverunt.
715 3715 839 3781 Dehinc
868 3716 948 3783 velis
978 3715 1119 3799 libratis,
1151 3717 1344 3797 occiduoque
1366 3721 1461 3783 vento

218 3820 324 3900 flante,
350 3821 546 3889 Gradensem
570 3821 794 3904 applicuerunt
814 3822 943 3901 urbem3
967 3838 1047 3902 quos
1071 3819 1205 3886 domnus
1226 3820 1341 3886 Vitalis
1363 3821 1460 3902 patri-

219 3927 325 4010 arcba,
349 3931 504 4008 preeunte
527 3924 639 4007 plebe,
668 3943 739 3990 cum
762 3924 947 3992 clericorum
970 3930 1127 4006 apparatu
1158 3924 1333 4010 ancipiens,
1367 3923 1461 4006 digna

218 4049 277 4097 suo
319 4031 451 4112 principi
490 4029 642 4110 obsequia
681 4029 817 4108 exibuit3
854 4029 942 4095 cuius
976 4045 1103 4110 quoque
1144 4028 1309 4093 dexteram
1341 4027 1462 4092 victrici

220 4135 323 4201 sancti
345 4133 584 4200 Hermachorae
607 4133 696 4215 signo
720 4133 951 4200 condecoravit.
975 4133 1054 4198 Inde
1077 4133 1192 4214 pellagi
1218 4131 1370 4196 sulcando
1387 4132 1460 4195 'un-

219 4241 277 4306 das
299 4240 486 4304 istriensem
502 4238 544 4303 ad
561 4238 755 4318 provinciam
777 4233 979 4316 transientes,
1004 4236 1142 4302 civitatis
1164 4236 1355 4302 Parentinae
1369 4235 1459 4301 iuxta

218 4345 353 4410 insulam
377 4342 458 4410 velis
482 4341 635 4423 depositis
658 4345 847 4423 pernoctare
870 4343 1103 4423 disposuerunt
1129 4339 1251 4418 Quibus
1273 4339 1463 4406 venerabilis

220 4447 366 4512 Andreas
389 4446 558 4527 episcopus
581 4463 750 4519 occurens,
781 4443 987 4510 famulamina
1009 4444 1106 4510 Petro
1130 4443 1202 4509 duci
1224 4443 1324 4508 molta
1345 4443 1462 4528 irnper-

221 4552 301 4618 titns
325 4555 392 4630 est3
416 4569 509 4632 quem
533 4549 695 4616 humiliter
717 4549 867 4632 rogitans,
891 4553 929 4613 ut
951 4549 1052 4614 saneti
1067 4547 1172 4613 Mauri
1197 4546 1359 4613 oraculum
1373 4546 1463 4612 adire

224 4675 288 4724 non
311 4660 485 4724 recusaret.
509 4655 605 4722 Cuius
633 4651 780 4737 petitioni
809 4653 1035 4736 adquiescens,
1063 4652 1164 4718 multo
1195 4651 1295 4716 milite
1326 4649 1463 4733 stipatus
