3604 5276
222 473 225 480 Ι
341 384 404 448 sea

383 585 454 653 Alio
478 605 560 654 anno
582 595 652 654 erat
673 586 772 671 Aquis
795 588 912 670 palatio
935 605 1004 670 cum
1030 541 1145 674 magno
1169 591 1324 676 exercitu,
1356 595 1390 657 et
1411 591 1454 658 ibi
1476 609 1569 661 vene

339 696 414 758 runt
435 690 532 773 legati
554 691 765 773 Bnlgarorum
789 695 1076 776 portantesdona:
1108 713 1187 777 qnos
1217 695 1352 779 benigne
1386 698 1569 780 suscipiens,

338 795 458 862 dimisit
479 797 526 863 ire
549 797 590 863 ad
611 797 749 880 propria.

424 937 559 1016 Thagari
575 939 638 1001 vita
652 939 808 1002 Hindovici
824 942 892 1020 imp.
910 960 934 1002 c.
952 943 1002 1004 32.
1019 942 1065 1006 ad.
1081 942 1168 1004 Perta
1184 945 1223 1027 11,
1241 944 1313 1006 597.

940 1223 968 1286 3.

338 1305 362 1368 i.
377 1305 423 1368 an.

381 1423 459 1491 Cum
493 1426 561 1508 regi
594 1426 804 1512 Buigorornm
837 1427 935 1510 legati
1010 1425 1568 1511 Abhoc(sc.Aquens1)conventu

338 1519 396 1609 auiss
421 1530 497 1612 qnid
522 1531 658 1614 egerint,
690 1533 938 1612 renunciassent,
968 1531 1219 1618 regredientibus
1234 1531 1445 1615 Bulgerornm
1465 1531 1570 1600 missis

335 1633 449 1700 iterum
480 1654 568 1716 enm,
599 1655 693 1719 quem
721 1636 822 1720 primo
845 1637 937 1704 misc·
969 1637 1156 1720 litterasque
1187 1635 1403 1703 deferentibus
1433 1637 1569 1720 imperor

336 1744 418 1819 runt,
441 1741 480 1806 ad
495 1740 718 1824 imperatorem
737 1760 806 1806 cum
821 1741 937 1808 litteris
968 1743 1064 1816 toris,
1099 1761 1154 1810 reu
1189 1761 1297 1808 eornm
1331 1742 1434 1808 minna
1468 1748 1568 1824 grace,

336 1845 460 1911 remisit
482 1864 605 1927 rogans,
630 1852 665 1911 ut
687 1847 755 1912 sine
778 1865 935 1912 morarum
967 1864 1049 1930 quae
1072 1847 1190 1928 scripta
1213 1851 1298 1921 sunt,
1321 1845 1404 1931 tulit,
1429 1864 1466 1913 eo
1482 1845 1568 1928 quod

335 1949 575 2032 interpositione
614 1951 818 2016 terminorum
861 1951 937 2019 defi·
968 1953 1068 2034 petita
1090 1971 1152 2018 non
1175 1950 1359 2034 impetrarit.
1388 1949 1468 2018 Cum
1492 1970 1569 2034 qua·

336 2053 412 2120 nitio
435 2053 542 2134 fieret3
573 2053 624 2120 vel
647 2055 673 2121 si
695 2055 755 2122 hoc
785 2074 848 2122 non
870 2057 934 2138 pla·
965 2057 1038 2144 dam
1062 2074 1138 2139 ergo
1163 2055 1412 2123 stomachatione
1432 2057 1568 2123 eundem

336 2166 432 2238 ceret‚
455 2177 529 2225 snos
551 2161 684 2242 quisquc
700 2161 852 2227 terminos
868 2161 936 2226 sinc
967 2161 1133 2227 remittens
1156 2161 1300 2226 nuntium
1323 2157 1501 2240 mandavit,
1531 2167 1568 2227 ut

337 2263 421 2346 pacis
444 2261 573 2330 foedere
592 2270 743 2332 tueretur.
767 2264 825 2332 Cui
840 2260 938 2348 impe·
968 2269 1025 2332 aut
1047 2266 1219 2331 communis
1243 2269 1438 2330 statueretur
1462 2266 1568 2332 termi-

336 2373 434 2446 nator,
455 2367 934 2455 quiaiamaerotBuigurorum,
965 2387 1024 2436 nus
1047 2367 1171 2450 finium,
1204 2374 1260 2436 ant
1290 2387 1487 2452 quacumque
1510 2389 1567 2452 po·

335 2489 441 2555 regem
473 2491 493 2537 a
523 2491 579 2539 suo
614 2475 749 2556 quodam
783 2473 935 2558 optimate
964 2479 1048 2542 terat
1084 2474 1202 2540 virtuto
1246 2473 1380 2556 quisque
1423 2477 1568 2540 tueretur

336 2581 391 2641 aut
411 2594 507 2658 regno
520 2577 645 2659 pulsum
658 2577 934 2662 antinteriectum,
966 2577 1082 2645 limites
1105 2574 1213 2644 finium
1236 2595 1374 2644 snorum.
1409 2575 1473 2644 Sed
1496 2595 1566 2644 cum

335 2681 529 2763 respondere
559 2681 697 2767 distulit;
731 2681 849 2766 ilioque
881 2701 934 2751 ex·
964 2682 1050 2750 fama
1071 2700 1230 2749 rumorem
1253 2682 1432 2764 sparsisset,
1457 2701 1565 2766 regem

336 2791 465 2868 pectore
485 2787 579 2867 iusso,
605 2794 734 2871 propter
748 2785 851 2854 famae
868 2807 935 2855 cer·
964 2788 1041 2855 talia
1063 2788 1264 2854 mandantem
1290 2805 1389 2872 regno
1416 2787 1566 2866 caruisse,

336 2889 502 2957 titudinem
532 2891 787 2974 comperiendam
816 2891 936 2959 Bertri·
967 2894 1139 2975 imperator
1162 2892 1282 2958 tamdiu
1300 2891 1439 2973 legatum
1456 2891 1566 2970 tenuit

340 3011 419 3075 cum,
444 2995 552 3077 palatii
576 2997 730 3074 comitem,
753 2997 794 3063 ad
815 2997 937 3064 Baldri-
968 3013 1131 3080 quousque
1154 2995 1250 3062 misso
1273 2993 1426 3074 Rern-ico,
1452 2997 1566 3061 comite

336 3117 405 3164 cum
449 3105 482 3166 et
519 3097 692 3166 Geroldum
734 3102 863 3167 comites
904 3107 937 3168 et
966 3101 1086 3185 palatii,
1109 3099 1189 3167 falsa
1204 3117 1283 3179 ease,
1308 3107 1389 3183 quae
1404 3099 1566 3166 iactaban-

335 3203 459 3269 Avarici
491 3204 599 3270 limitis
634 3205 780 3272 custodes
810 3205 842 3271 in
873 3203 932 3272 Ca·
964 3213 1028 3286 tur,
1056 3203 1271 3289 comperisset.
1305 3189 1432 3270 Rescita
1459 3209 1567 3270 autern

333 3311 537 3376 rantonornm
553 3308 744 3391 provinciam
760 3310 854 3376 misit.
873 3309 934 3389 Qui
965 3310 1115 3390 veritate,
1145 3309 1275 3376 missum
1304 3308 1423 3375 infecto
1446 3307 1568 3402 remisit

334 3431 404 3478 curn
437 3431 584 3480 reversus
617 3413 695 3479 nihil
728 3415 806 3480 certi
836 3433 932 3498 super
963 3416 1100 3500 negotio.

333 3517 400 3598 his’
432 3537 512 3599 quae
545 3518 628 3584 fama
649 3519 852 3603 vnlgaverat’
884 3535 954 3587 ω’·
1050 3556 1565 3633 vitantuoovieiregncaa.Peru:

216 3683 219 3688 Α
334 3628 504 3704 portasset,
535 3623 709 3705 imperator
730 3624 869 3706 legatum
891 3625 934 3690 ad
1007 3643 1470 3723 Mon,q0rm,sssrrpt,11‚qpp,

335 3747 371 3794 se
393 3732 556 3794 evocatum
573 3728 640 3795 sine
655 3728 771 3795 litteris
793 3747 934 3796 remeare

335 3831 412 3899 iecit
428 3882 434 3897 .
453 3882 486 3897 ..
517 3833 694 3914 Imperator
714 3851 789 3900 vero
811 3833 915 3901 medio
938 3851 1046 3900 menae
1069 3831 1155 3898 Maio
1177 3831 1276 3915 Aquis
1298 3849 1462 3914 regressus
1485 3831 1569 3898 circo

334 3936 489 4003 kalendas
512 3937 597 4003 Junii
622 3935 663 4004 ad
687 3935 907 4020 Ingulunhcim
929 3937 1031 4016 renit3
1063 3935 1235 4018 habitoque
1256 3935 1302 4002 ibi
1324 3941 1480 4002 conventu
1503 3953 1568 4002 non

335 4043 457 4109 modico
479 4042 595 4109 multas
618 4047 651 4108 et
672 4061 711 4110 ex
734 4041 866 4108 dirersis
896 4047 1052 4108 terrarum
1084 4041 1228 4124 partibus
1256 4039 1368 4108 missos
1390 4039 1567 4122 legationes

332 4147 454 4213 audivit
475 4151 508 4213 et
529 4145 665 4214 absolvit
681 4181 688 4210 ;
706 4196 713 4211 .
731 4197 737 4212 .
761 4145 931 4213 Baldricus
953 4164 1029 4213 vero
1046 4153 1078 4213 et
1094 4145 1260 4228 deroldus,
1284 4146 1415 4212 comites
1432 4163 1470 4211 ac
1484 4145 1567 4211 Pan·

329 4251 431 4318 nonici
454 4252 561 4317 limitis
583 4250 752 4334 praefecti,
783 4250 817 4317 in
850 4249 964 4318 eodem
995 4256 1152 4317 conventu
1183 4247 1370 4330 adfuerunt,
1402 4257 1435 4318 et
1465 4247 1569 4316 adhuc

329 4357 369 4424 ds
398 4361 486 4424 motu
514 4355 724 4439 Buigarorum
762 4356 930 4424 adversum
961 4373 1019 4424 nos
1043 4353 1118 4422 niirii
1142 4371 1178 4421 se
1200 4354 1318 4422 sentiro
1340 4371 1436 4438 posse
1457 4355 1567 4422 testati

335 4466 419 4528 sunt.
1231 4493 1234 4500 ⁴

421 4585 562 4647 Einhardi
585 4586 682 4646 annai.
706 4584 745 4644 ad
768 4604 796 4646 a.
813 4589 885 4650 826.
906 4588 993 4649 Perta
1008 4585 1033 4665 Ι1
1050 4586 1122 4646 214.
1150 4582 1194 4647 cf.
1210 4583 1342 4647 Enhardi
1356 4581 1567 4646 columnares

377 4676 416 4740 ad
431 4694 459 4738 a.
476 4675 547 4738 826.
563 4671 634 4737 ibid.
650 4673 674 4756 1,
691 4674 764 4738 359.
