3572 5276
1378 353 1441 418 ddi

195 556 237 623 od
259 554 450 639 portandum
471 559 506 624 et
527 555 597 622 leue
620 571 701 622 onus
724 553 834 636 ipsius,
866 563 960 637 prout
982 553 1015 621 in
1038 554 1203 639 evangelio
1226 555 1376 641 legimus,
1399 557 1442 624 ad

192 659 371 726 ferendum.
394 659 535 742 Ideoque
557 658 639 726 scire
661 665 704 741 te,
728 657 847 726 iraterl
871 661 1009 742 oportet,
1032 658 1108 740 quia
1126 659 1253 728 divinae
1269 660 1439 744 providen-

195 765 261 831 tiae
282 763 441 832 sententia
464 768 497 829 te
519 762 633 830 inritat
656 780 712 844 per
745 779 838 830 voces
861 761 954 828 istius
976 761 1095 845 populi,
1127 767 1164 829 ut
1185 763 1302 830 reddas
1325 765 1359 829 in
1381 763 1441 831 hoc

191 868 263 936 loco
298 866 425 934 domino
456 873 531 934 uoto
562 871 628 952 tua,
661 873 695 934 et
725 871 761 933 ut
791 863 999 934 sacrificando
1031 866 1134 933 laudis
1165 865 1287 934 hostias
1318 864 1436 938 offeras

194 971 350 1038 altissimo
372 970 506 1037 vitulum
536 968 692 1038 labiorum
723 973 882 1036 tuorum“.
914 967 1129 1052 Aequiescens
1159 969 1284 1037 demum
1310 970 1434 1037 iuvenis

195 1075 293 1158 legati
316 1073 515 1142 sermonibus
524 1074 538 1158 ,¹
564 1077 598 1140 et
627 1073 833 1141 considerans
862 1073 949 1154 quod
972 1072 1079 1138 diuina
1101 1090 1165 1140 non
1187 1079 1295 1156 potest
1319 1073 1437 1140 mutari

192 1177 364 1262 sententia,
396 1176 594 1260 respondens
627 1176 688 1244 ait:
723 1175 777 1262 ,si
808 1177 968 1260 provisum
998 1181 1050 1243 est
1079 1175 1288 1260 dispositione
1317 1176 1437 1244 domini

191 1283 246 1363 sic,
281 1281 368 1362 quod
400 1298 464 1347 non
498 1280 600 1364 possit
630 1279 724 1346 aliter
758 1277 844 1364 lieri,
879 1279 1049 1346 dummodo
1072 1279 1133 1363 ipsi
1155 1279 1311 1348 ecclesiae
1342 1281 1438 1350 labor

194 1403 285 1452 meus
313 1382 416 1467 possit
453 1381 619 1466 prolicere,
650 1383 797 1450 voluntas
821 1381 883 1465 dei,
907 1384 1017 1466 paterl
1050 1389 1084 1450 et
1113 1387 1169 1450 tua
1198 1381 1285 1450 flacc.
1315 1383 1436 1452 Laetus

192 1489 300 1570 itaque
322 1487 449 1570 legatus
462 1486 504 1552 od
525 1485 653 1570 plebem
675 1485 849 1568 egreditur,
873 1491 908 1554 et
923 1485 993 1553 eius
1008 1485 1168 1554 desideria
1182 1485 1341 1569 completa
1363 1505 1436 1554 esse

194 1591 329 1660 revelat.
352 1590 485 1657 Exultat
513 1590 629 1670 clerus,
660 1589 842 1673 congaudet
872 1589 1019 1675 populus,
1050 1594 1083 1658 et
1105 1590 1281 1674 gratiarum
1313 1590 1374 1658 deo
1403 1595 1438 1658 ct

195 1700 326 1762 sanctae
348 1693 512 1761 Romanae
534 1693 690 1761 ccclesiae
711 1711 770 1777 pro
794 1697 888 1768 tauta
907 1693 970 1760 sibi
992 1692 1109 1760 collata
1131 1712 1268 1778 persono
1298 1694 1438 1764 ferentes

195 1798 388 1865 unanimiter
410 1798 595 1881 deposcunt,
617 1803 655 1864 ut
676 1797 864 1882 quantocius
886 1798 919 1864 in
942 1797 1124 1879 praesulem
1146 1803 1361 1868 consecretur.

238 1901 362 1986 legato
385 1919 444 1968 suo
465 1907 679 1984 prosequente
700 1899 870 1984 legationis
892 1919 970 1969 suae
991 1900 1062 1984 iter,
1086 1909 1291 1970 consecratur
1312 1922 1333 1971 a
1354 1901 1440 1970 Lau·

145 2059 163 2068 -
194 2004 309 2088 rentio,
333 2002 537 2071 Salonitanae
571 2003 658 2071 sedis
691 2004 958 2086 archipraesule*
987 2012 1087 2088 atque
1115 2006 1160 2073 ad
1181 2007 1294 2073 urbem
1317 2005 1442 2090 'l'ragu-

197 2109 334 2176 riensem
355 2125 503 2174 reuersus
527 2125 598 2174 cum
621 2107 738 2192 gaudio
761 2108 865 2192 plebis
888 2108 1060 2191 suscipitur
1082 2109 1263 2176 uniuersae.

242 2211 438 2278 Sublimatus
460 2210 557 2296 igitur
587 2210 740 2279 cathedra
772 2209 947 2295 pontificali
970 2230 1034 2279 non
1057 2211 1146 2280 dedit
1167 2229 1203 2278 se
1233 2228 1438 2294 corrumpen-

198 2315 274 2381 dum
303 2313 455 2400 inertiae,
486 2313 585 2381 veluti
626 2313 772 2397 plerique
809 2315 920 2398 adepti
949 2333 1080 2382 causam
1110 2315 1290 2383 desidiosae
1323 2315 1445 2396 quietis

196 2419 311 2486 solent
342 2417 407 2484 Sed
435 2417 501 2502 iugi
531 2416 733 2484 meditationi
761 2418 920 2500 intentus,
952 2419 1051 2485 totius
1081 2420 1168 2486 uitae
1202 2437 1280 2485 suae
1309 2437 1439 2486 cursum

195 2520 331 2602 ieiuniis,
354 2520 558 2601 orationibus,
583 2521 698 2604 uigiliis
714 2525 749 2590 et
766 2521 970 2590 eleemosinis
993 2523 1130 2591 adorsus
1152 2527 1211 2590 est.
1235 2521 1316 2588 Erat
1338 2529 1445 2588 autem

196 2627 228 2691 in
251 2625 396 2691 oratione
427 2623 591 2706 facundus,
621 2625 655 2690 in
685 2625 843 2708 sapientia
872 2625 1066 2708 praecelsae,
1089 2627 1212 2708 pietate
1235 2623 1386 2704 affabilis,
1411 2625 1444 2691 in

196 2747 345 2795 sermone
375 2747 480 2809 verax,
510 2725 543 2793 in
572 2727 687 2795 iudicio
718 2729 832 2813 iustus,
856 2733 889 2796 et
910 2729 1059 2814 reddens,
1083 2746 1166 2810 quae
1195 2733 1271 2796 sunt
1293 2729 1346 2795 dei
1369 2729 1443 2811 deo,

198 2831 328 2898 humani
357 2831 477 2899 fauoris
507 2849 618 2898 auram
641 2831 777 2914 lugiens.
800 2831 837 2897 ln
860 2831 975 2898 faciem
1010 2832 1173 2900 hominum
1203 2833 1365 2900 vestiebat
1385 2831 1442 2899 iul·

199 2936 306 3020 gidam
327 2941 451 3003 vestem
475 2941 508 3001 et
530 2936 697 3018 celebrem,
722 2955 819 3019 super
841 2936 927 3003 nudo
950 2954 1026 3003 uero
1049 2936 1240 3004 intrinsecus
1267 2937 1443 3020 asperrimo

200 3039 300 3106 cilicio
334 3039 494 3106 utebatur.
529 3038 597 3106 Nec
631 3057 723 3107 secus
759 3057 887 3123 quoque
916 3045 985 3108 toto
1018 3040 1103 3107 vitae
1134 3057 1214 3106 suae
1244 3056 1340 3106 cursu
1372 3037 1444 3107 iuit.

199 3141 286 3210 Usus
317 3142 448 3209 thalami
478 3143 607 3226 proprio
638 3144 800 3224 cubiculo,
835 3144 921 3225 quod
943 3164 964 3211 a
985 3142 1187 3211 crrbioulariis
1218 3143 1287 3210 eius
1309 3143 1444 3230 egregie

201 3251 348 3329 paratum
377 3247 566 3328 spernebat,
600 3253 699 3329 atque
729 3246 931 3314 cubiculariis
961 3246 1081 3314 eisdem
1103 3247 1227 3314 emissis
1250 3252 1284 3314 et
1305 3246 1444 3314 admisso

201 3350 357 3417 secretius
388 3367 545 3432 paupere,
577 3368 649 3417 eum
679 3351 711 3415 in
734 3355 910 3418 memorato
933 3349 1029 3416 cubili
1062 3351 1209 3432 locabat;
1239 3350 1308 3432 ipse
1337 3356 1445 3418 antem

199 3459 274 3536 post
301 3453 414 3535 longas
439 3453 539 3519 noctis
561 3452 694 3536 vigilias,
725 3453 906 3536 pavimento
938 3453 1146 3522 substernens
1176 3471 1326 3536 aspersos
1349 3473 1443 3538 aspa-

200 3575 307 3640 ragos,
339 3557 444 3624 nudus
474 3557 628 3640 desuper,
659 3575 787 3624 carnem
820 3558 980 3625 crudelius
1011 3558 1128 3625 delicto
1158 3575 1340 3638 macerans,
1373 3575 1445 3641 per·

201 3661 361 3728 noctabat.

241 3763 331 3833 Haec
353 3770 386 3831 et
416 3764 466 3831 his
498 3765 614 3832 similia
643 3766 738 3848 longo
760 3783 822 3832 usu
845 3769 1026 3848 temporum
1048 3783 1087 3832 eo
1119 3762 1269 3848 faciente,
1301 3765 1445 3848 contigit,

201 3867 288 3950 quod
302 3887 386 3934 enno
402 3869 551 3951 quodam,
567 3875 712 3952 tempore
728 3869 790 3936 iam
807 3869 1035 3936 uindemiarum
1051 3869 1302 3952 propinquante,
1323 3868 1445 3950 grando

199 3972 427 4054 superveniens
461 3973 569 4039 vineas
598 3973 742 4040 contudit
773 3973 875 4052 odeo,
897 3972 982 4054 quod
1014 3971 1166 4040 rinitores
1196 3990 1260 4037 non
1289 3988 1367 4037 uvas
1389 3970 1447 4038 sed

198 4093 342 4144 racemos
372 4075 552 4143 rarissimos
583 4077 710 4144 domum
742 4076 892 4143 referent.
922 4075 1074 4158 Episcopi
1104 4079 1211 4141 autem
1234 4073 1446 4156 vindemiarit,

198 4197 271 4244 oum
295 4185 329 4246 et
349 4178 411 4262 ipsi
434 4177 529 4246 simili
558 4181 683 4247 ratione
706 4184 771 4247 tam
794 4198 913 4264 paucos
946 4183 1153 4262 reportarent
1182 4196 1338 4263 racemos
1360 4177 1448 4245 iuxta

197 4289 306 4349 terrae
330 4282 588 4350 consuetudinem
617 4289 655 4349 ut
676 4283 727 4349 uix
750 4285 849 4350 tinam
872 4290 1005 4367 possent
1029 4281 1196 4350 dimidiare
1225 4283 1378 4348 nunciant
1404 4279 1446 4362 el,

200 4403 298 4469 quam
330 4385 487 4452 modicum
517 4403 717 4454 racemorum
751 4387 791 4454 de
814 4387 882 4454 suis
912 4387 1013 4454 vineis
1042 4390 1280 4470 reportassent.
1321 4384 1445 4464 Quibus

199 4487 273 4556 ille:
311 4487 449 4569 ,Potens
481 4494 530 4557 est
563 4489 652 4572 deus,
683 4489 737 4572 qui
772 4490 812 4558 de
845 4490 927 4557 sicca
962 4508 1042 4572 rupe
1064 4507 1123 4572 per
1144 4489 1296 4574 Moysen,
1319 4505 1447 4556 servum

204 4609 308 4678 suum,
331 4611 447 4700 aquam
469 4593 528 4662 toti
557 4593 678 4679 populo
701 4593 811 4664 Israeli
835 4591 1045 4664 sufficientem
1079 4591 1198 4676 eduxit,
1233 4590 1447 4733 etiumtnobis
