3604 5276
1382 397 1442 460 281

210 595 345 660 cessitas
376 595 519 676 cogebat.
555 595 599 660 Et
628 595 674 660 sie
703 595 758 660 illa
786 595 943 678 populosa
973 595 1083 662 civitas
1107 593 1242 676 Salona,
1274 596 1387 662 nobilis
1418 601 1452 661 et

212 699 349 780 antiqua,
374 717 431 780 pro
454 699 560 766 multis
583 698 737 781 peccatis,
763 717 844 780 quae
866 699 899 764 in
921 700 1014 765 deum
1030 699 1238 777 commiserat,
1262 700 1302 765 ad
1327 706 1448 764 tanum

210 803 315 868 extitit
335 802 494 870 miseriam
526 803 692 883 devoluta,
728 808 765 868 ut
788 803 828 868 de
850 802 906 869 illa
928 821 1043 885 magna
1067 803 1115 868 sui
1138 803 1246 885 populi
1270 801 1452 883 frequentia

210 925 273 973 non
296 912 345 972 tot
368 913 603 984 remanserant,
639 911 690 989 qui
723 913 855 988 possent
877 907 961 972 illius
985 909 1073 989 parvi
1097 907 1205 989 oppidi
1230 908 1382 972 ambitum
1406 907 1448 973 ci·

133 1086 141 1094 .
211 1009 302 1075 vibus
325 1010 468 1091 replere,
493 1012 549 1076 sed
571 1012 602 1075 in
626 1029 665 1076 ea
686 1016 793 1093 parte,
819 1030 900 1091 qnae
925 1031 1021 1094 supra
1038 1029 1125 1077 mare
1147 1011 1285 1094 respicit,
1309 1029 1345 1078 se
1368 1029 1451 1076 cour-

210 1111 365 1196 ponentes
387 1114 541 1196 reliquam
564 1119 689 1196 partam
714 1115 874 1181 urbicuiae
897 1131 1028 1182 vacuam
1052 1116 1248 1182 dimiserunt.

249 1251 418 1306 ¹Exeidium
437 1257 565 1306 narratur
583 1265 641 1320 cap.
663 1251 714 1306 VII
738 1255 776 1320 (p.
797 1255 919 1308 316-17
945 1252 984 1307 ed.
1005 1253 1075 1319 citi:
1102 1253 1236 1321 „qualiter
1254 1251 1354 1308 Salona
1372 1259 1452 1322 capta

210 1339 277 1396 est“.
368 1340 378 1369 ²
396 1352 450 1406 quo
468 1338 573 1393 seilicet
597 1339 683 1394 abbas
701 1339 838 1396 Martinus
856 1354 874 1394 a
891 1355 965 1408 papa
982 1340 1089 1394 dosune
1113 1340 1142 1394 in
1166 1339 1331 1395 Delmatiam
1348 1339 1449 1395 missus

211 1433 261 1482 est.
279 1443 303 1480 r.
314 1441 398 1493 snpra
407 1441 435 1494 p.
445 1428 505 1479 277.
561 1426 570 1456 ³
590 1425 741 1481 chronicon
752 1425 948 1482 salernitanum
967 1442 989 1480 e.
1008 1429 1042 1480 88
1060 1426 1168 1494 (Pomm
1187 1427 1261 1482 Mon.
1280 1427 1371 1484 Germ.
1392 1427 1452 1496 vll,

209 1515 271 1582 512)
282 1511 428 1567 concordat
438 1519 558 1582 eatenus,
570 1510 642 1580 quod
652 1513 850 1581 Ragusinorum
861 1513 958 1568 civium
968 1519 1073 1582 partem
1083 1514 1117 1568 ab
1128 1513 1317 1570 illisRomanis
1327 1515 1452 1586 deducat,

210 1599 257 1667 qni
266 1599 317 1654 sub
326 1597 490 1670 imperatore
500 1600 677 1655 Constantino
696 1599 858 1670 Byzantium
871 1601 1030 1670 navigantes
1049 1603 1283 1670 ,perveneruntin
1296 1601 1452 1658 Sclarorum

209 1687 291 1755 fines,
316 1700 432 1753 moxque
455 1685 576 1754 procella
600 1693 757 1741 cunctarum
783 1694 878 1742 exorta
904 1693 960 1756 est,
988 1703 1116 1756 mareque
1134 1689 1307 1743 vehementer
1325 1689 1453 1743 intumuit

210 1778 237 1826 et
255 1771 319 1825 dum
337 1770 384 1825 diu
403 1769 556 1840 fluctuaret,
575 1771 644 1826 duae
663 1785 697 1826 ex
716 1771 811 1828 iisdem
831 1773 945 1830 naribus
963 1775 1022 1830 sine
1040 1774 1179 1829 hominnm
1198 1775 1324 1829 interrito
1343 1774 1466 1830 nauira·,

209 1865 289 1928 gatae
308 1865 381 1913 sunt.
400 1858 452 1912 Sed
470 1858 534 1912 dum
552 1874 644 1913 eorum
664 1859 769 1914 scilicet
786 1875 831 1916 res
850 1861 1018 1930 deperissent
1035 1860 1144 1929 ibidem,
1162 1875 1212 1916 nec
1221 1867 1358 1930 sumptum
1372 1861 1454 1915 babe-

210 1951 271 2000 rent
297 1951 431 2012 quatenus
456 1960 538 2000 nares
563 1944 665 2000 iractus
689 1945 842 2016 soldarent,
868 1947 932 2001 binc
949 1947 1053 2003 incolas
1071 1948 1122 2003 loci
1142 1946 1216 2003 illius
1235 1954 1396 2014 exorarunt,
1422 1954 1453 2002 ut

211 2031 311 2087 ibidem
330 2032 365 2086 ad
383 2029 559 2086 habitandum
579 2049 639 2086 cum
659 2033 697 2087 eis
716 2034 803 2086 locum
823 2035 949 2088 nimirum
967 2028 1064 2089 daren't
1091 2034 1134 2088 Illi
1147 2050 1211 2089 rero
1229 2034 1297 2089 talia
1311 2033 1453 2089 audientes

213 2117 367 2173 huiusmodi
386 2117 470 2172 verba
488 2125 695 2186 prompserunt:
723 2127 750 2172 et
774 2127 875 2174 terram
902 2119 936 2174 ad
955 2121 1132 2175 habitandum
1151 2119 1228 2175 robis
1246 2121 1407 2190 praebemus
1426 2126 1454 2175 et

210 2211 328 2260 sumtum
351 2203 428 2260 robis
454 2203 605 2272 rostrisque
633 2204 763 2260 uxoribus
787 2205 959 2260 abundanter
976 2207 1135 2262 tribuemus.
1163 2205 1336 2274 vocaturque
1355 2221 1452 2262 nomen

210 2291 263 2346 loci
280 2287 354 2346 illius
374 2290 498 2344 nimirum
516 2291 627 2358 linguai.
646 2290 867 2358 Habitaruntque
885 2292 983 2347 ibidem
1001 2293 1171 2362 temporibus
1189 2293 1289 2348 multis.
1320 2293 1373 2348 Sed
1391 2291 1453 2347 dum

210 2375 391 2445 sRaqusinis
417 2378 575 2444 saepissime
599 2378 818 2447 opprimerentur
836 2385 863 2432 et
881 2379 954 2433 omni
979 2378 1057 2434 modo
1075 2380 1127 2434 iam
1146 2379 1282 2436 sustinere
1299 2375 1454 2448 nequirent,

211 2477 273 2516 mox
292 2461 385 2516 furtim
404 2461 542 2518 naviculas
562 2462 668 2528 iliorum
688 2463 847 2533 ascendunt,
866 2465 1027 2533 Italiamque
1046 2481 1105 2519 cum
1123 2467 1255 2520 uxoribus
1268 2465 1379 2522 etnatis
1391 2481 1453 2521 sua·

210 2563 262 2617 qne
287 2547 471 2618 suppellectili
496 2549 597 2616 quique
621 2557 811 2620 properarunt.
836 2551 906 2606 Nam
925 2549 1011 2607 donec
1030 2553 1131 2620 Rugusi
1149 2552 1337 2620 demontrant,
1365 2553 1452 2607 aiam

212 2634 293 2691 dictis
309 2635 383 2692 illius
402 2635 604 2691 habitatoribus
623 2642 714 2692 terrac
733 2637 848 2693 Romani
867 2644 931 2694 arunt
948 2639 1072 2706 vocitati;
1091 2655 1123 2693 ac
1136 2639 1183 2693 nbi
1195 2639 1302 2693 italiam
1321 2638 1454 2706 adierunt,

212 2729 398 2790 veneruntque
416 2723 445 2777 in
464 2723 562 2790 locum,
581 2725 627 2792 qui
646 2723 766 2794 Melpbis
785 2723 892 2790 dicitnr,
914 2724 952 2780 ibi
969 2725 1056 2780 multo
1074 2731 1171 2794 postea
1188 2732 1309 2794 tempore
1327 2731 1391 2780 sunt
1410 2723 1454 2779 de·

209 2811 308 2866 morati
333 2817 361 2865 et
386 2809 449 2865 inda
474 2817 538 2866 suut
557 2811 715 2867 amalfitani
741 2813 844 2882 vocati,
869 2812 944 2868 locus
962 2827 1078 2882 namque
1096 2812 1171 2867 dedit
1188 2827 1285 2868 nomen
1304 2811 1374 2868 iliis“
1395 2852 1400 2866 .
1420 2849 1426 2864 .
1447 2853 1453 2866 .

210 2895 580 2966 Deromaualtaqnsinornm
599 2899 703 2966 origine
721 2900 816 2954 miscet
834 2899 969 2966 quadrata
985 2899 1109 2954 rotundis
1127 2901 1209 2954 etism
1228 2899 1370 2969 presbyter
1385 2898 1452 2954 Dio·

211 2983 297 3038 cleas:
317 2983 439 3052 &gnum
458 2983 598 3040 Slavorum
618 3001 639 3039 c.
658 2985 717 3038 XX.
736 3001 764 3054 p.
784 2989 835 3040 292
854 2985 894 3040 ed.
913 2987 940 3042 J.
960 2985 1046 3041 Lucii.
1066 2986 1217 3041 chronicae
1235 2987 1381 3056 ragusinae
1410 2989 1451 3052 (B.

209 3073 367 3137 Maxysnesa
392 3074 592 3136 nserbposauia
610 3074 664 3124 obs
683 3089 776 3140 merop.
801 3087 1004 3126 nanamnaxs
1023 3091 1041 3124 u
1060 3075 1312 3126 duronucareaax's
1329 3075 1454 3142 liy6pos·

211 3174 292 3210 sura.
312 3159 341 3211 c.
362 3159 478 3225 ilerepo.
501 3158 574 3212 1867.
594 3176 650 3224 rap.
666 3160 735 3224 305.)
754 3158 903 3227 Ragonium
916 3175 933 3212 a
945 3159 1106 3228 Radosiaro,
1120 3159 1250 3230 Stephani
1264 3158 1335 3228 repis
1348 3159 1455 3213 Besnae

210 3241 276 3310 tilio,
295 3241 569 3299 natoRomaematre
580 3259 701 3312 murana,
720 3247 806 3300 abitt
817 3243 953 3300 eonditum
965 3245 1109 3300 somniant.
1183 3247 1192 3276 ⁸
1211 3245 1321 3314 Jaders,
1344 3220 1454 3316 'ldtepa

210 3329 406 3398 Romanorum,
425 3337 455 3384 ut
474 3337 587 3398 putant,
606 3331 714 3386 colonia
732 3330 845 3387 Claudia
863 3347 923 3400 sug.
944 3331 987 3386 iel.
1007 3332 1068 3386 inde
1088 3347 1104 3386 a
1122 3333 1136 3386 l
1154 3332 1263 3387 saeculo
1282 3345 1362 3386 aerae
1381 3331 1453 3387 cbri-

210 3417 317 3472 stianaa
341 3417 452 3485 saepius
475 3426 707 3473 commemoratur.
728 3419 760 3476 V.
780 3434 853 3487 corp.
871 3419 951 3473 inser.
971 3419 1011 3473 lat
1037 3419 1086 3486 111,
1107 3423 1119 3472 l
1140 3433 1166 3486 p.
1186 3422 1245 3472 374.
1275 3423 1298 3472 A
1317 3433 1380 3472 sero
1399 3433 1454 3472 non

210 3509 252 3558 est
269 3503 376 3570 quidem
394 3503 527 3572 absimile,
548 3506 619 3559 hane
636 3506 719 3559 etium
737 3505 831 3559 urbem
851 3505 1029 3560 Chroatorum
1048 3505 1199 3572 irruptione
1212 3505 1326 3559 multum
1344 3519 1453 3573 passam

210 3589 308 3658 inisse,
332 3589 477 3658 plerosque
495 3592 560 3645 item
579 3591 753 3646 Salonitanos
772 3605 866 3647 eversa
884 3591 984 3646 Salona
1002 3591 1068 3646 illuc
1086 3590 1253 3664 confugisse,
1279 3597 1322 3646 ast
1341 3591 1453 3646 eandem

210 3691 228 3730 a
254 3675 376 3746 profugis
401 3675 566 3731 Salonitanis
594 3678 728 3732 conditam
758 3677 855 3745 luisse,
884 3678 1009 3732 omnibus
1033 3693 1123 3732 rerum
1149 3677 1283 3734 adiunctis
1308 3684 1451 3746 repugnat.

213 3761 438 3830 ⁵cap.1v(e‹i.
458 3763 482 3818 J.
502 3763 579 3819 Lucii
603 3781 627 3833 p.
649 3767 726 3834 314):
752 3764 809 3832 ,De
836 3765 1037 3820 construetione
1061 3763 1192 3832 aedilicii,
1218 3763 1289 3832 quod
1313 3763 1453 3832 Spalatum

211 3851 409 3918 nuncupatnr“.
437 3849 598 3905 Diocletiani
623 3851 755 3919 palatium
773 3852 916 3906 novissime
935 3858 1045 3919 praeter
1063 3850 1205 3905 Carrucam
1226 3859 1253 3903 et
1271 3849 1391 3904 Larisam
1410 3849 1454 3904 de·

213 3935 323 4004 scripsit
341 3936 372 3990 lt
393 3937 578 4006 Eiteiberger:
597 3937 648 3992 Die
667 3937 915 3993 mittelalterlichen
928 3937 1162 3992 Kunstdenlsnrale
1175 3936 1344 3991 Dalmatiens
1362 3937 1454 4005 (Jahr-
1482 3943 1484 3946 '

212 4021 282 4076 bucb
302 4021 393 4078 deris.
414 4023 441 4077 k.
462 4023 765 4092 Cenaei-Commission
794 4041 843 4079 nur
860 4025 1055 4094 Euforschung
1074 4023 1129 4078 und
1146 4023 1301 4092 Erbaitung
1319 4022 1366 4077 der
1385 4023 1454 4077 Bau·

211 4105 354 4164 denkmaie
374 4109 455 4165 Wien
476 4113 551 4180 1861,
570 4111 610 4166 Bd
639 4111 668 4178 V,
687 4111 706 4166 S
733 4113 783 4165 227
804 4109 843 4180 ff.)
