3494 5410
1315 433 1317 446 '
1362 421 1423 484 155

188 647 285 712 quam
308 626 447 696 futuram
466 631 603 696 nouerat
624 624 808 693 monacham
832 625 942 693 eadem
964 623 1157 710 notificante,
1180 626 1341 694 moriendo
1366 643 1423 731 sue

189 735 277 800 illum
302 733 505 817 proprietatis
533 731 652 799 fecerat
673 731 874 815 participem,
905 749 964 815 par
985 731 1080 799 boum
1104 731 1163 798 sibi
1187 731 1329 800 tribuens
1351 749 1422 798 cum

110 906 117 926 ,
189 839 255 905 suis
278 837 420 918 culturis,
444 854 620 919 aureosque
641 835 798 904 nestalos⁸
822 836 898 919 quin
920 836 1001 902 eiam
1025 855 1112 902 suam
1135 837 1280 916 uincam,
1310 853 1424 918 nempe

189 944 348 1010 neminem
370 941 522 1008 estimans
549 939 596 1006 illi
626 941 827 1023 compotizsri
855 939 1026 1006 hereditati
1057 958 1115 1006 sus
1144 941 1350 1022 pretermissa
1371 959 1423 1007 co-

189 1047 302 1130 niuge3
326 1046 443 1130 quippe
466 1045 605 1113 nondum
621 1044 689 1128 ipse
703 1051 796 1128 pater
810 1045 871 1111 elia
886 1046 1037 1112 utebatur
1058 1062 1165 1114 uxore.
1188 1043 1283 1111 Unde
1305 1043 1424 1111 iactum

191 1155 250 1232 est,
274 1156 311 1216 ut
333 1149 475 1233 utrisque
496 1167 600 1216 coram
617 1149 709 1218 nobis
724 1149 919 1235 litigantibus
940 1151 1076 1233 ipsamet
1091 1150 1206 1216 domna
1221 1149 1424 1233 Veh(eneg)a

190 1274 260 1324 cum
283 1275 342 1323 sne
370 1261 473 1323 matre
502 1254 612 1322 aliisue
641 1255 842 1342 propinquis,
873 1259 907 1322 et
928 1273 966 1322 ex
988 1255 1051 1322 aha
1079 1261 1170 1337 perte
1193 1253 1300 1322 Medio
1323 1253 1424 1322 electo

189 1363 323 1444 eiusque
345 1358 444 1426 fratre
466 1359 617 1428 Petrinus
638 1378 697 1427 nec
719 1378 783 1427 nou
805 1359 929 1442 Zanizo,
952 1358 1153 1443 Mazityrnm
1173 1357 1248 1440 filio,
1271 1359 1423 1443 cumplu-

190 1466 279 1534 ribus
301 1467 372 1534 aliis
403 1466 690 1546 consencientibus,
723 1465 849 1532 demum
871 1465 960 1532 iussu
982 1465 1118 1548 presulis
1140 1465 1328 1549 episcopali,
1361 1483 1423 1548 quo

190 1573 398 1652 sedebamus,
430 1571 550 1656 egressi
579 1569 700 1654 palacio
727 1569 907 1653 ibidemque
929 1571 1097 1638 cisternam
1119 1569 1331 1654 ingredientes
1354 1587 1424 1636 cum

190 1679 253 1744 iam
277 1677 362 1742 dicto
385 1677 534 1759 episcopo
558 1681 591 1742 et
612 1673 762 1742 Johanne
783 1676 957 1742 iudicatore
971 1675 1131 1760 aliis(que)
1154 1674 1315 1742 nobilibus
1329 1674 1424 1740 ducto

191 1782 224 1847 in
246 1781 385 1848 medinm
415 1787 621 1862 utrorumque
651 1781 840 1859 certamine,
876 1779 952 1864 quid
978 1779 1051 1845 hinc
1082 1780 1129 1846 rei
1159 1779 1262 1845 exitus
1284 1779 1423 1858 doceret,

190 1887 384 1969 pemcmteri
414 1885 562 1968 cepimus.
598 1882 689 1964 Quod
719 1879 808 1952 more
839 1887 1039 1970 antiquorum
1074 1883 1246 1950 diiudicare
1279 1883 1424 1950 nolentes

188 1991 429 2075 (decreuimus):
452 1995 490 2056 ut
509 1989 596 2074 ipsa⁵
618 2007 675 2056 sua
697 1986 859 2056 frueretur
879 1995 987 2073 parte,
1020 1987 1109 2054 uelut
1130 1989 1157 2053 si
1179 1987 1273 2055 uiuus
1295 1989 1425 2056 adesset

190 2097 280 2162 cuius
303 2097 436 2162 caritate
457 2112 492 2162 se
514 2095 687 2160 monastice
710 2095 843 2161 dederat
865 2092 1063 2178 professioni.
1095 2091 1159 2160 Sed
1187 2094 1260 2160 huic
1282 2095 1329 2160 rei
1352 2111 1425 2160 con·

190 2200 397 2267 trariantibus
419 2199 481 2265 hoc
502 2199 683 2284 displicuit,
712 2216 810 2282 seque
838 2198 1095 2281 archiepiscopali
1118 2197 1202 2266 uelle
1224 2198 1354 2266 obedire
1376 2179 1424 2264 iu*-

191 2305 272 2372 dicio
296 2303 540 2372 conclamarunt.
570 2302 692 2382 Quibus
715 2309 749 2370 et
770 2302 825 2369 illa
847 2321 910 2369 una
932 2303 1095 2372 nobiscum
1119 2303 1300 2372 assentiens
1323 2302 1424 2385 sepis·

190 2411 270 2477 sium
292 2410 457 2490 inuitauit,
489 2416 525 2474 ut
547 2409 588 2476 ad
612 2428 704 2476 suum
727 2428 796 2476 cnm
828 2431 867 2478 ea
895 2411 980 2477 irent
1007 2408 1230 2494 prepositum.⁶
1250 2406 1340 2486 Quae
1363 2407 1422 2474 sub

193 2516 287 2581 unius
309 2515 383 2581 anni
404 2513 546 2599 induciis,
571 2515 664 2582 nobis
687 2515 897 2596 cernentibus,
928 2515 1051 2584 cencies
1073 2513 1241 2581 exclameti
1262 2512 1310 2578 ire
1331 2529 1424 2578 renu-

193 2624 296 2686 erunt.
321 2619 407 2698 Quos
422 2639 479 2685 nos
495 2619 555 2685 hoe
568 2622 662 2687 modo
686 2618 887 2701 difiniuimus,
911 2621 942 2685 in
965 2619 1075 2704 pm'mis
1092 2619 1165 2685 anni
1179 2618 1264 2684 illius
1288 2617 1426 2684 atributo

194 2725 252 2792 sibi
283 2723 412 2791 tribuno
440 2722 628 2791 Trunzanno
659 2724 752 2804 Maio,
776 2725 860 2790 Peze
882 2723 965 2790 filio:
999 2723 1099 2806 partis
1130 2723 1241 2790 domus
1271 2729 1304 2789 et
1332 2722 1426 2789 uinee

195 2829 344 2897 heredem
367 2847 438 2894 eam
452 2826 600 2913 decimum
624 2835 660 2894 ut
679 2827 731 2894 uel
748 2829 793 2894 sic
808 2827 981 2912 Spalatum,
1006 2833 1101 2911 prout
1123 2827 1331 2909 expetierant,
1355 2843 1426 2891 cum

192 2953 230 3001 ea
252 2931 536 3018 proficiscerentur.
570 2933 691 3012 Quibus
714 2939 807 3000 etex
829 2934 889 3000 hoc
911 2932 1036 2999 inducie
1057 2953 1077 2998 a
1098 2951 1205 3000 mense
1227 2931 1303 2999 iulio
1326 2948 1426 3012 usque

191 3040 223 3105 in
245 3038 385 3105 natalem
408 3038 525 3105 domini
551 3037 666 3122 largite
695 3044 777 3105 sunt.
813 3037 877 3104 Sed
906 3038 1081 3121 procaciter
1111 3037 1296 3104 resistentes
1327 3040 1362 3102 et
1390 3054 1425 3102 se

191 3143 265 3210 hinc
287 3145 482 3210 subtraxere.
507 3142 708 3227 Quapropter
737 3163 796 3228 ego
820 3144 945 3226 Dragns
967 3144 1067 3228 pn'or,
1099 3160 1263 3208 commune
1295 3159 1426 3208 seruans

193 3253 441 3328 sacramentum,
473 3249 631 3315 neminem
654 3249 764 3317 uolens
787 3250 826 3315 ah
850 3249 955 3330 aliquo
980 3248 1042 3314 uim
1064 3248 1240 3325 sustinere,
1271 3263 1341 3312 cum
1363 3245 1426 3312 iam

191 3354 353 3422 nominato
384 3355 534 3437 episcopo
565 3353 698 3436 aliisque
729 3352 887 3420 nobilibus
919 3353 959 3418 ad
992 3351 1118 3417 domum
1141 3352 1225 3418 illius
1247 3357 1426 3435 pergentes,

194 3479 255 3542 qne
279 3459 342 3524 sita
357 3459 452 3524 estin
470 3457 637 3541 quadriuio
656 3459 758 3524 sancti
779 3457 875 3538 Petri,
899 3456 994 3540 legali
1017 3457 1077 3524 hoc
1099 3454 1284 3524 definientes
1303 3455 1427 3539 iudicio,

193 3565 252 3630 sub
282 3563 454 3646 episcopali
485 3561 647 3630 uinculeto
677 3569 847 3647 precepto,
882 3561 967 3628 illam
998 3562 1135 3644 pleniter
1166 3562 1282 3628 habere
1311 3562 1428 3629 debere

194 3675 319 3752 partem
342 3667 506 3746 iussimus,
537 3666 662 3750 ipsique
683 3685 743 3733 nos
767 3667 830 3733 illis
853 3668 979 3733 domum
1003 3668 1178 3751 partientes
1201 3665 1353 3733 monache
1377 3683 1428 3732 oc·

192 3772 382 3839 cideutalem
404 3778 528 3855 partem
550 3773 660 3839 domus
690 3772 852 3853 dedimus,
885 3772 1026 3854 duasque
1056 3772 1149 3838 ulnas
1172 3779 1205 3839 et
1227 3791 1266 3839 eo
1289 3771 1426 3854 amplius

192 3877 372 3944 medietatis
402 3877 513 3943 domus
535 3883 666 3960 propter
694 3877 842 3944 maritum
871 3877 956 3944 iham
986 3878 1164 3946 consentire
1192 3876 1350 3944 noluimus
1378 3878 1425 3942 in·

192 3981 323 4049 fantnlo.
1061 3977 1064 3984 '

233 4087 302 4154 Hec
324 4105 383 4170 ego
408 4088 511 4154 Maius
535 4087 782 4169 archidiaconus,
807 4091 882 4172 quie
903 4088 952 4156 his
973 4088 1118 4156 omnibus
1140 4085 1279 4167 interlui,
1304 4093 1336 4152 et
1357 4093 1428 4154 uta

191 4192 372 4260 memoratis
405 4193 588 4276 presulibus
620 4193 713 4260 michi
745 4195 918 4261 iniunctum
942 4199 1008 4275 est,
1040 4193 1178 4260 fideliter
1208 4192 1429 4273 ueraciterque

193 4315 312 4380 scripsi.

235 4401 278 4468 Et
299 4407 373 4485 post
393 4401 513 4468 tradita
536 4421 642 4470 coram
662 4405 711 4470 his
742 4403 877 4471 testibus
905 4403 990 4471 lecta
1017 4409 1049 4470 et
1079 4401 1182 4485 sigillo
1213 4401 1287 4467 dicti
1311 4399 1424 4482 prioris

195 4507 331 4590 signata:
354 4505 515 4574 Johannes
538 4507 697 4574 indicator
713 4509 841 4594 (testis),
858 4508 972 4575 Vitaza
993 4508 1094 4596 testis,
1116 4506 1221 4573 Micha
1236 4505 1337 4584 testis,
1361 4504 1427 4571 De·

196 4612 283 4677 sinna
304 4612 405 4690 testis,
429 4611 536 4679 Medio
561 4611 672 4700 (filius)
695 4613 784 4681 Zelle
806 4615 912 4692 testis,
942 4611 1144 4679 Bndinellns⁷
1172 4611 1273 4690 testis,
1297 4608 1423 4675 Medius

196 4734 290 4798 gener
302 4715 389 4784 Zelle
401 4717 501 4799 testis,
525 4709 708 4785 Prostancio
724 4719 827 4800 testis,
851 4715 1044 4804 Ριιι(ιι)οιιιι8
1065 4716 1166 4798 testis,
1183 4714 1322 4783 Grubize
1341 4712 1425 4781 filius
