3604 5276
1437 407 1499 469 293

256 616 386 678 ἅπαντα
414 613 488 678 λαὸν
510 619 564 685 τῆς
586 613 789 701 αἰχμαλωσίας
810 613 866 678 κά·
898 611 1083 697 metropolis
1107 614 1180 679 oiim
1200 611 1288 679 inii.¹
1310 613 1430 680 Ibidem
1443 612 1500 694 igi·

263 719 406 790 τὲστησεν
439 723 454 782 ὁ
488 719 608 808 λεχθεὶς
643 717 791 806 χοιγάνος,
829 719 867 791 ὥς
899 725 958 798 tur,
981 724 1019 784 ut
1034 718 1151 784 dictum
1175 724 1233 794 est,
1257 717 1416 798 captivum
1435 735 1500 782 orn-

260 827 345 904 οιὺτῷ
368 823 468 888 λοιπὸν
487 822 698 910 ὑπονιίμένους·
715 824 745 906 ἐξ
759 823 866 886 ἐκείνου
897 843 966 889 nem
986 823 1147 906 populum,
1171 823 1257 890 velut
1274 822 1334 888 sibi
1350 821 1500 901 deinceps

259 919 308 992 οὖν
331 927 511 1016 ὲπιμιγέντες
526 927 605 1015 μετὰ
621 925 797 1014 Βοολγάρων
818 931 867 990 καὶ
897 928 1067 1006 subditum,
1082 927 1264 1007 praedictus
1277 925 1415 991 Avarum
1428 925 1500 990 cha·

260 1030 390 1116 Ἀβάριον
411 1033 461 1095 καὶ
479 1040 540 1094 τῶν
554 1036 664 1095 λοιπῶν
679 1031 801 1095 ἐθνικῶν
816 1035 866 1094 ιιοιὶ
896 1051 997 1116 genus
1012 1032 1184 1098 constituit.
1207 1031 1256 1098 Ab
1272 1049 1310 1096 co
1327 1047 1404 1111 ergo
1422 1035 1500 1094 tern-

260 1128 537 1207 παιδοποιησάντων
545 1135 730 1208 &ratitum
738 1141 787 1199 καὶ
795 1139 870 1198 λαοῦ
900 1156 976 1218 pore
992 1154 1062 1201 enm
1072 1134 1218 1218 Balgaris
1233 1141 1266 1199 et
1280 1133 1437 1198 Avaribus
1454 1152 1501 1198 re-

261 1240 437 1330 ἀπείρου-οιαὶ
444 1239 625 1326 παμπόλλου
631 1239 871 1327 cardamomum
901 1238 1057 1322 liquisque
1066 1239 1214 1322 gentibus
1230 1237 1291 1304 fuit
1306 1238 1501 1316 commixtus,

260 1335 381 1432 δὲταρά
389 1344 499 1430 πατρὸς
510 1343 869 1430 &corcordiae-(rome
900 1363 1033 1426 cumque
1062 1363 1133 1410 sese
1161 1344 1244 1408 inter
1280 1341 1396 1408 liberos
1429 1359 1500 1422 pro·

260 1472 309 1522 νοις
332 1447 554 1535 παρειληφότων
569 1451 619 1512 καὶ
638 1449 693 1518 τὴν
709 1449 797 1536 ὁρμὴν
812 1457 868 1511 τοῦ
897 1455 1041 1515 crearent
1058 1455 1153 1530 atque
1176 1449 1208 1512 in
1231 1447 1384 1530 populum
1398 1443 1501 1512 infini-

261 1551 515 1639 γένουςκοιποὶπῶν
530 1554 615 1622 ἠθῶν
630 1561 690 1616 τῶν
706 1551 868 1640 Ῥωμαίων,
898 1560 966 1618 tum
1001 1553 1232 1634 maximumque
1267 1561 1502 1628 excrescerent3

262 1659 311 1721 ιιοιὶ
340 1655 479 1744 καθάπερ
508 1657 537 1720 ὲν
567 1653 607 1740 τῇ
636 1656 786 1744 Ἀιγύπτῳ
821 1659 869 1720 ἐπὶ
898 1653 953 1722 filii
976 1662 1082 1723 autem
1107 1657 1222 1739 singuli
1245 1675 1264 1721 a
1286 1655 1431 1737 patribus
1454 1654 1501 1718 iu·

262 1773 317 1826 τοῦ
338 1761 454 1849 Φοραῷ
475 1759 617 1846 ὴυξάνετο
633 1762 671 1824 τὸ
686 1771 746 1824 τῶν
761 1759 867 1848 Ἐβροι-
896 1762 1000 1827 dolem
1023 1763 1214 1844 generisque
1236 1759 1385 1839 studium,
1409 1760 1502 1824 mori-

262 1870 310 1930 ίων
325 1865 415 1955 γένος,
438 1866 517 1930 οὕτω
538 1869 588 1930 καὶ
610 1868 639 1930 ἐν
653 1865 769 1939 τούτοις
783 1866 865 1929 κατὰ
895 1867 954 1932 bus
978 1866 1129 1932 Romanis
1152 1882 1334 1950 congruum,
1363 1863 1502 1946 accepis·

265 1973 318 2034 τὸν
340 1974 436 2059 ὁμοῖον
459 1970 565 2058 τροπον
580 1962 628 2035 διὰ
642 1971 697 2044 aar
712 1963 869 2058 ορθοδόξου
900 1974 980 2054 sent,
1012 1969 1276 2052 quemadmodum
1300 1968 1359 2034 sub
1383 1968 1501 2034 Phora-

263 2077 388 2150 πίστεως
421 2077 470 2138 καὶ
511 2077 595 2163 ἁγίου
635 2077 684 2138 καὶ
726 2075 869 2159 {oenomai
899 2093 959 2141 one
974 2075 1006 2139 in
1021 2074 1167 2157 Aegypto
1184 2073 1401 2140 Hebraeorum
1428 2091 1501 2138 auc·

264 2181 469 2266 βαπτίσμοιτος
488 2178 587 2263 birisco
602 2181 639 2242 τὸ
654 2189 714 2244 τῶν
731 2177 868 2267 Χριστια·
898 2185 966 2244 tum
983 2185 1033 2245 esi
1048 2197 1158 2262 genus,
1175 2179 1220 2243 ita
1236 2184 1269 2250 et
1282 2177 1314 2241 in
1330 2176 1392 2242 illis
1407 2177 1502 2243 modo

262 2293 317 2346 νῶν
340 2281 440 2370 odino,
462 2280 650 2370 καὶθάτερος
668 2281 788 2370 θατέρῳ
803 2285 865 2369 περὶ
895 2281 980 2347 haud
1003 2281 1137 2348 absimili
1159 2299 1217 2362 per
1239 2279 1335 2344 fidem
1354 2279 1503 2345 aurodo-

263 2395 323 2450 τῶν
356 2395 486 2474 πατριῶν
521 2387 706 2449 τοποθεσιῶν
735 2383 866 2473 deusut-
896 2405 966 2450 xarn
1001 2402 1188 2465 sacrumque
1221 2403 1257 2450 ac
1291 2382 1501 2470 vivificantem

265 2513 357 2578 μενος,
381 2490 519 2564 ἀλλήλοις
541 2499 597 2578 πῦρ
612 2491 641 2554 ὲν
656 2501 721 2563 ταῖς
743 2481 868 2576 καρδίαις
899 2491 1089 2572 baptismum
1123 2488 1373 2554 Christianorum
1408 2493 1501 2552 ancta

264 2605 318 2668 τῆς
340 2585 528 2683 ἀποδράσεως
549 2599 694 2682 ὑφῆπτον.
898 2599 948 2660 esi
970 2594 1082 2674 tribum,
1106 2593 1222 2673 aliique
1246 2593 1315 2658 aliis
1337 2591 1376 2658 de
1405 2591 1504 2658 maio·

898 2717 967 2764 rum
990 2716 1119 2764 suornm
1140 2698 1206 2763 solo
1223 2697 1321 2762 natali
1336 2698 1503 2761 narrantes

898 2801 1033 2869 invicem
1065 2803 1095 2866 in
1127 2800 1275 2867 cordibus
1303 2799 1399 2881 fugae
1422 2797 1504 2864 desi·

898 2907 1019 2972 derium
1042 2907 1263 2995 accenderunt.

308 3006 425 3097 Χρόνων
461 3007 517 3095 γάρ
550 3008 692 3092 ἑξήκοντα
725 2999 782 3078 ἤδη
813 3019 871 3072 ποῦ
944 3009 1023 3078 Cum
1045 3012 1128 3077 enirn
1151 3010 1191 3076 ab
1211 3029 1249 3077 eo
1265 3015 1418 3091 tempore,
1442 3025 1504 3089 quo

264 3117 314 3177 καὶ
343 3113 413 3202 πρὸς
442 3103 755 3200 διαδραμόντων,ὀίφ“
777 3107 811 3185 ἧς
834 3119 871 3187 εἰς
900 3116 932 3180 in
948 3114 1073 3181 illorum
1090 3115 1312 3197 progenitores
1328 3111 1504 3179 abarbaris

265 3219 333 3291 τοὺς
355 3221 454 3281 αὐτῶν
476 3215 649 3304 γεννήτορας
671 3219 690 3286 ἠ
713 3217 793 3304 παρὰ
808 3227 868 3280 τῶν
899 3224 1025 3300 patrata
1053 3217 1158 3285 fuerat
1186 3219 1381 3294 devastatio,
1415 3233 1505 3298 sera-

265 3321 415 3410 βοιρβάοιον
444 3319 601 3409 γεγένηται
631 3321 789 3406 πόρθοοις,
821 3324 871 3384 καὶ
901 3322 989 3406 ginta
1026 3323 1150 3388 circiter
1187 3341 1224 3386 ao
1261 3320 1397 3401 amplius
1431 3318 1504 3384 anni

265 3427 365 3490 λοιπὸν
395 3423 487 3498 ἄλλος
516 3422 576 3497 νέος
599 3425 690 3488 ἐκεῖσε
711 3425 783 3498 λαός
806 3427 871 3488 ἀνε-
902 3433 1008 3492 essent
1024 3427 1132 3508 elapsi,
1150 3426 1295 3507 aliusque
1310 3426 1372 3490 iam
1388 3424 1504 3489 ibidem

266 3531 401 3617 φαίνετο,
432 3527 600 3615 ἐλευθέρους
625 3518 658 3590 δὲ
687 3529 755 3602 τοὺς
788 3530 870 3592 πλεί-
901 3548 1000 3595 novus
1023 3513 1159 3612 pop'ulus
1176 3529 1414 3610 arsum-exisset,
1438 3545 1505 3590 rnn-

265 3629 350 3707 στους
361 3637 460 3696 αὐτῶν
475 3634 509 3696 ἐκ
531 3642 586 3695 τοῦ
604 3631 707 3719 χρόνου
722 3632 871 3721 γεγονέναι
899 3635 1013 3699 ximarn
1043 3627 1148 3698 autem
1171 3631 1256 3697 illius
1280 3636 1401 3713 partem
1424 3636 1504 3695 tem-

265 3725 588 3810 aerumnarum
614 3739 698 3809 ἔθνος
720 3735 871 3823 προσέχων
901 3738 987 3819 poris
1009 3738 1099 3819 lapsu
1122 3736 1254 3803 liberam
1277 3753 1315 3800 ac
1335 3735 1396 3799 iam
1418 3733 1507 3798 velut

266 3840 434 3929 ὁἈβάρων
452 3839 592 3929 χάγανος,
616 3843 719 3914 aude<
733 3851 778 3922 τιῑι
794 3841 870 3928 γένει
900 3847 1026 3924 gentem
1056 3832 1216 3923 propriam
1249 3857 1335 3919 esse,
1367 3836 1505 3902 Avarum

267 3948 335 4018 ἔθος
347 3949 483 4032 ὑπῆρχεν,
499 3945 630 4033 ἄρχοντα
642 3945 757 4020 τούτοις
769 3943 868 4008 ἐπάνω
899 3946 1059 4027 chaganus
1083 3945 1302 4021 concessisset
1327 3947 1362 4008 ut
1384 3938 1502 4006 nationi

266 4048 443 4124 κατέστησε,
456 4047 569 4136 Κοὺβτρ
580 4048 672 4136 ὄνομα
684 4053 777 4132 αὐτῷ,
793 4048 871 4122 ὅστις
901 4067 968 4115 mos
980 4053 1039 4125 est,
1059 4048 1243 4129 principem,
1256 4046 1382 4112 nomine
1390 4043 1505 4125 (inber,

266 4159 299 4218 ἔκ
320 4177 407 4217 τινοιν
428 4161 489 4217 τῶν
506 4153 743 4241 ἀνα·ριοιιοτέριιν
757 4175 872 4241 προσοι-
902 4153 940 4219 iis
965 4151 1132 4235 praefecit,
1156 4151 1218 4232 qui,
1242 4169 1313 4216 cnm
1335 4167 1354 4214 e
1377 4147 1506 4230 quibus-

201 4271 204 4276 '
265 4257 442 4347 ποιουμένων,
473 4261 556 4339 αὐτῷ
586 4255 693 4345 μαθὼν
722 4257 778 4328 τὴν
818 4266 873 4320 τοῦ
904 4258 985 4336 dam,
1010 4257 1063 4337 qui
1087 4273 1155 4322 cum
1173 4273 1211 4321 eo
1227 4253 1413 4320 familiarius
1434 4267 1506 4316 con·

265 4361 400 4428 τοιοὺτου
417 4365 491 4425 λαοῦ
513 4370 574 4430 τῶν
596 4361 741 4446 πατρώιον
756 4360 872 4426 πόλεων
903 4361 1130 4437 versabuntur,
1176 4357 1285 4441 populi
1329 4352 1507 4422 huiusmodi

265 4467 440 4553 ἐπιθυμίαν,
478 4466 508 4529 ὲν
545 4463 642 4552 σκέψιν
678 4466 788 4553 γίνεται
824 4467 874 4528 καὶ
905 4466 1065 4531 civitatum
1103 4462 1278 4545 patriarum
1316 4458 1507 4527 desiderium

265 4569 435 4636 ἀνάστατον
455 4568 600 4657 λαμβάνει
613 4569 666 4634 τὸν
681 4567 782 4632 πάντα
797 4567 871 4632 Ῥω·
902 4568 1074 4647 didicisset,
1092 4565 1168 4648 quid
1184 4571 1269 4648 ugni,
1285 4559 1505 4643 circumspicit,

265 4677 358 4766 μαίων
383 4673 457 4740 λαόν
482 4673 561 4764 μετὰ
587 4675 637 4737 οιαὶ
662 4672 767 4761 ἐπέρων
794 4675 871 4736 ἐθνι-
902 4689 1089 4754 omnemqne
1132 4668 1283 4751 populum
1326 4665 1503 4729 Romanum
