<?xml version="1.0" encoding="UTF-8"?>
<!DOCTYPE html PUBLIC "-//W3C//DTD XHTML 1.0 Transitional//EN"
    "http://www.w3.org/TR/xhtml1/DTD/xhtml1-transitional.dtd">
<html xmlns="http://www.w3.org/1999/xhtml" xml:lang="en" lang="en">
 <head>
  <title>
</title>
<meta http-equiv="Content-Type" content="text/html;charset=utf-8" />
  <meta name='ocr-system' content='tesseract 3.04.00' />
  <meta name='ocr-capabilities' content='ocr_page ocr_carea ocr_par ocr_line ocrx_word'/>
</head>
<body>
  <div class='ocr_page' id='page_1' title='image "./documentahistor00ragoog_0365.png"; bbox 0 0 3604 5276; ppageno 0'>
   <div class='ocr_carea' id='block_1_1' title="bbox 211 585 1447 2233">
    <p class='ocr_par' dir='ltr' id='par_1_1' title="bbox 217 585 843 734">
     <span class='ocr_line' id='line_1_1' title="bbox 813 585 843 646; baseline -0.033 0"><span class='ocrx_word' id='word_1_1' title='bbox 813 585 843 646; x_wconf 81' lang='lat'><strong>2.</strong></span> 
     </span>
     <span class='ocr_line' id='line_1_2' title="bbox 217 667 330 734; baseline 0.009 -2"><span class='ocrx_word' id='word_1_2' title='bbox 217 667 238 734; x_wconf 80' lang='grc'><strong>1.</strong></span> <span class='ocrx_word' id='word_1_3' title='bbox 252 691 272 732; x_wconf 83' lang='lat' dir='ltr'><strong>a</strong></span> <span class='ocrx_word' id='word_1_4' title='bbox 289 671 330 733; x_wconf 74' lang='lat' dir='ltr'><strong>iil.</strong></span> 
     </span>
    </p>

    <p class='ocr_par' dir='ltr' id='par_1_2' title="bbox 211 788 1447 2024">
     <span class='ocr_line' id='line_1_3' title="bbox 257 788 1447 876; baseline 0.003 -21"><span class='ocrx_word' id='word_1_5' title='bbox 257 790 383 856; x_wconf 79' lang='lat' dir='ltr'>Interea</span> <span class='ocrx_word' id='word_1_6' title='bbox 406 789 586 858; x_wconf 85' lang='lat' dir='ltr'><strong>Obelierius</strong></span> <span class='ocrx_word' id='word_1_7' title='bbox 609 791 686 876; x_wconf 85' lang='lat' dir='ltr'><strong>dux,</strong></span> <span class='ocrx_word' id='word_1_8' title='bbox 711 791 763 872; x_wconf 89' lang='lat' dir='ltr'><strong>qui</strong></span> <span class='ocrx_word' id='word_1_9' title='bbox 787 790 873 872; x_wconf 90' lang='lat' dir='ltr'><strong>opud</strong></span> <span class='ocrx_word' id='word_1_10' title='bbox 896 788 1202 874; x_wconf 79' lang='lat' dir='ltr'><strong>Constantinopolim</strong></span> <span class='ocrx_word' id='word_1_11' title='bbox 1226 791 1319 859; x_wconf 82' lang='lat' dir='ltr'><strong>exilio</strong></span> <span class='ocrx_word' id='word_1_12' title='bbox 1342 790 1447 859; x_wconf 85' lang='lat' dir='ltr'><strong>iuerat</strong></span> 
     </span>
     <span class='ocr_line' id='line_1_4' title="bbox 216 895 1446 978; baseline 0.002 -18"><span class='ocrx_word' id='word_1_13' title='bbox 216 895 429 978; x_wconf 87' lang='lat' dir='ltr'><strong>dampnatus,¹</strong></span> <span class='ocrx_word' id='word_1_14' title='bbox 446 895 623 964; x_wconf 87' lang='lat' dir='ltr'><strong>.Veneciam</strong></span> <span class='ocrx_word' id='word_1_15' title='bbox 646 895 862 977; x_wconf 80' lang='lat' dir='ltr'><strong>reciprocavit,</strong></span> <span class='ocrx_word' id='word_1_16' title='bbox 887 901 920 961; x_wconf 91' lang='lat' dir='ltr'><strong>et</strong></span> <span class='ocrx_word' id='word_1_17' title='bbox 942 896 974 960; x_wconf 92' lang='lat' dir='ltr'><strong>in</strong></span> <span class='ocrx_word' id='word_1_18' title='bbox 996 895 1114 978; x_wconf 85' lang='lat' dir='ltr'><strong>Vigilia</strong></span> <span class='ocrx_word' id='word_1_19' title='bbox 1128 896 1255 964; x_wconf 91' lang='lat' dir='ltr'><strong>civitate</strong></span> <span class='ocrx_word' id='word_1_20' title='bbox 1275 898 1360 978; x_wconf 86' lang='lat' dir='ltr'><strong>apud</strong></span> <span class='ocrx_word' id='word_1_21' title='bbox 1384 896 1446 963; x_wconf 86' lang='lat' dir='ltr'><strong>Cu·</strong></span> 
     </span>
     <span class='ocr_line' id='line_1_5' title="bbox 214 998 1447 1084; baseline 0 -18"><span class='ocrx_word' id='word_1_22' title='bbox 214 999 335 1066; x_wconf 70' lang='lat' dir='ltr'><strong>ridum¹</strong></span> <span class='ocrx_word' id='word_1_23' title='bbox 357 1019 428 1068; x_wconf 85' lang='lat' dir='ltr'><strong>sese</strong></span> <span class='ocrx_word' id='word_1_24' title='bbox 450 1001 591 1067; x_wconf 84' lang='lat' dir='ltr'><strong>retrusit.</strong></span> <span class='ocrx_word' id='word_1_25' title='bbox 626 998 695 1078; x_wconf 81' lang='lat' dir='ltr'><strong>Quo</strong></span> <span class='ocrx_word' id='word_1_26' title='bbox 718 999 836 1082; x_wconf 91' lang='lat' dir='ltr'><strong>audito,</strong></span> <span class='ocrx_word' id='word_1_27' title='bbox 865 999 1029 1066; x_wconf 78' lang='lat' dir='ltr'><strong>lohannes</strong></span> <span class='ocrx_word' id='word_1_28' title='bbox 1053 999 1116 1066; x_wconf 85' lang='lat' dir='ltr'><strong>dux</strong></span> <span class='ocrx_word' id='word_1_29' title='bbox 1138 1000 1179 1067; x_wconf 88' lang='lat' dir='ltr'><strong>ed</strong></span> <span class='ocrx_word' id='word_1_30' title='bbox 1202 1000 1339 1067; x_wconf 89' lang='lat' dir='ltr'><strong>eundem</strong></span> <span class='ocrx_word' id='word_1_31' title='bbox 1363 1001 1447 1084; x_wconf 89' lang='lat' dir='ltr'><strong>copi·</strong></span> 
     </span>
     <span class='ocr_line' id='line_1_6' title="bbox 212 1103 1445 1189; baseline 0.001 -19"><span class='ocrx_word' id='word_1_32' title='bbox 212 1103 328 1171; x_wconf 87' lang='lat' dir='ltr'><strong>endum</strong></span> <span class='ocrx_word' id='word_1_33' title='bbox 350 1107 508 1189; x_wconf 91' lang='lat' dir='ltr'><strong>promovit</strong></span> <span class='ocrx_word' id='word_1_34' title='bbox 529 1103 711 1173; x_wconf 83' lang='lat' dir='ltr'><strong>exercitum.</strong></span> <span class='ocrx_word' id='word_1_35' title='bbox 736 1103 799 1171; x_wconf 87' lang='lat' dir='ltr'><strong>Sed</strong></span> <span class='ocrx_word' id='word_1_36' title='bbox 823 1121 894 1170; x_wconf 91' lang='lat' dir='ltr'><strong>cum</strong></span> <span class='ocrx_word' id='word_1_37' title='bbox 911 1105 964 1170; x_wconf 92' lang='lat' dir='ltr'><strong>diu</strong></span> <span class='ocrx_word' id='word_1_38' title='bbox 979 1104 1153 1187; x_wconf 89' lang='lat' dir='ltr'><strong>predictam</strong></span> <span class='ocrx_word' id='word_1_39' title='bbox 1177 1105 1337 1172; x_wconf 86' lang='lat' dir='ltr'><strong>civitatem</strong></span> <span class='ocrx_word' id='word_1_40' title='bbox 1361 1106 1445 1173; x_wconf 89' lang='lat' dir='ltr'><strong>obsi-</strong></span> 
     </span>
     <span class='ocr_line' id='line_1_7' title="bbox 213 1209 1445 1288; baseline 0 -12"><span class='ocrx_word' id='word_1_41' title='bbox 213 1209 306 1277; x_wconf 84' lang='lat' dir='ltr'><strong>dione</strong></span> <span class='ocrx_word' id='word_1_42' title='bbox 336 1209 604 1288; x_wconf 88' lang='lat' dir='ltr'><strong>eirenmvallaret,</strong></span> <span class='ocrx_word' id='word_1_43' title='bbox 643 1209 772 1276; x_wconf 90' lang='lat' dir='ltr'><strong>tandem</strong></span> <span class='ocrx_word' id='word_1_44' title='bbox 802 1209 902 1276; x_wconf 84' lang='lat' dir='ltr'><strong>diviso</strong></span> <span class='ocrx_word' id='word_1_45' title='bbox 933 1209 1072 1276; x_wconf 85' lang='lat' dir='ltr'><strong>exercitu</strong></span> <span class='ocrx_word' id='word_1_46' title='bbox 1102 1209 1372 1278; x_wconf 86' lang='lat' dir='ltr'><strong>Metaumacenses</strong></span> <span class='ocrx_word' id='word_1_47' title='bbox 1403 1209 1445 1276; x_wconf 90' lang='lat' dir='ltr'><strong>ad</strong></span> 
     </span>
     <span class='ocr_line' id='line_1_8' title="bbox 211 1299 1442 1397; baseline 0.002 -17"><span class='ocrx_word' id='word_1_48' title='bbox 211 1299 389 1397; x_wconf 84' lang='lat' dir='ltr'><strong>predictum</strong></span> <span class='ocrx_word' id='word_1_49' title='bbox 412 1313 596 1383; x_wconf 89' lang='lat' dir='ltr'><strong>Obelierum</strong></span> <span class='ocrx_word' id='word_1_50' title='bbox 619 1312 798 1397; x_wconf 84' lang='lat' dir='ltr'><strong>coniugium</strong></span> <span class='ocrx_word' id='word_1_51' title='bbox 819 1312 972 1381; x_wconf 85' lang='lat' dir='ltr'><strong>lecerunt.</strong></span> <span class='ocrx_word' id='word_1_52' title='bbox 997 1315 1162 1381; x_wconf 77' lang='lat' dir='ltr'><strong>Exercitus</strong></span> <span class='ocrx_word' id='word_1_53' title='bbox 1185 1333 1277 1395; x_wconf 90' lang='lat' dir='ltr'><strong>vero,</strong></span> <span class='ocrx_word' id='word_1_54' title='bbox 1307 1315 1442 1396; x_wconf 89' lang='lat' dir='ltr'><strong>quisue</strong></span> 
     </span>
     <span class='ocr_line' id='line_1_9' title="bbox 213 1416 1445 1504; baseline 0 -20"><span class='ocrx_word' id='word_1_55' title='bbox 213 1419 329 1486; x_wconf 84' lang='lat' dir='ltr'><strong>seniori</strong></span> <span class='ocrx_word' id='word_1_56' title='bbox 341 1416 436 1486; x_wconf 86' lang='lat' dir='ltr'><strong>fidem</strong></span> <span class='ocrx_word' id='word_1_57' title='bbox 453 1421 632 1494; x_wconf 86' lang='lat' dir='ltr'><strong>servabant,</strong></span> <span class='ocrx_word' id='word_1_58' title='bbox 648 1417 938 1486; x_wconf 86' lang='lat' dir='ltr'><strong>Metaumacensem</strong></span> <span class='ocrx_word' id='word_1_59' title='bbox 953 1418 1088 1486; x_wconf 86' lang='lat' dir='ltr'><strong>insulam</strong></span> <span class='ocrx_word' id='word_1_60' title='bbox 1105 1424 1331 1504; x_wconf 77' lang='lat' dir='ltr'><strong>expugnantes,</strong></span> <span class='ocrx_word' id='word_1_61' title='bbox 1355 1437 1445 1502; x_wconf 91' lang='lat' dir='ltr'><strong>pror-</strong></span> 
     </span>
     <span class='ocr_line' id='line_1_10' title="bbox 211 1523 1446 1606; baseline -0.001 -16"><span class='ocrx_word' id='word_1_62' title='bbox 211 1541 266 1590; x_wconf 86' lang='lat' dir='ltr'><strong>sus</strong></span> <span class='ocrx_word' id='word_1_63' title='bbox 295 1523 512 1590; x_wconf 87' lang='lat' dir='ltr'><strong>incenderunt.</strong></span> <span class='ocrx_word' id='word_1_64' title='bbox 546 1523 633 1589; x_wconf 89' lang='lat' dir='ltr'><strong>Tunc</strong></span> <span class='ocrx_word' id='word_1_65' title='bbox 665 1523 799 1590; x_wconf 90' lang='lat' dir='ltr'><strong>domnus</strong></span> <span class='ocrx_word' id='word_1_66' title='bbox 829 1524 993 1592; x_wconf 78' lang='lat' dir='ltr'><strong>lohannes</strong></span> <span class='ocrx_word' id='word_1_67' title='bbox 1026 1524 1088 1590; x_wconf 83' lang='lat' dir='ltr'><strong>dux</strong></span> <span class='ocrx_word' id='word_1_68' title='bbox 1116 1524 1231 1591; x_wconf 85' lang='lat' dir='ltr'><strong>iterum</strong></span> <span class='ocrx_word' id='word_1_69' title='bbox 1261 1523 1446 1606; x_wconf 79' lang='lat' dir='ltr'><strong>preparavit</strong></span> 
     </span>
     <span class='ocr_line' id='line_1_11' title="bbox 212 1628 1443 1712; baseline 0.002 -20"><span class='ocrx_word' id='word_1_70' title='bbox 212 1628 401 1708; x_wconf 77' lang='lat' dir='ltr'><strong>exercitum3</strong></span> <span class='ocrx_word' id='word_1_71' title='bbox 431 1646 501 1695; x_wconf 89' lang='lat' dir='ltr'><strong>curn</strong></span> <span class='ocrx_word' id='word_1_72' title='bbox 532 1646 594 1710; x_wconf 91' lang='lat' dir='ltr'><strong>quo</strong></span> <span class='ocrx_word' id='word_1_73' title='bbox 624 1628 694 1710; x_wconf 89' lang='lat' dir='ltr'><strong>ipse</strong></span> <span class='ocrx_word' id='word_1_74' title='bbox 724 1628 853 1696; x_wconf 87' lang='lat' dir='ltr'><strong>veniens</strong></span> <span class='ocrx_word' id='word_1_75' title='bbox 875 1628 1023 1712; x_wconf 83' lang='lat' dir='ltr'><strong>Vigiliam</strong></span> <span class='ocrx_word' id='word_1_76' title='bbox 1053 1629 1213 1695; x_wconf 87' lang='lat' dir='ltr'><strong>civitatem</strong></span> <span class='ocrx_word' id='word_1_77' title='bbox 1243 1628 1443 1711; x_wconf 80' lang='lat' dir='ltr'><strong>expugnavit,</strong></span> 
     </span>
     <span class='ocr_line' id='line_1_12' title="bbox 212 1729 1443 1815; baseline 0.002 -20"><span class='ocrx_word' id='word_1_78' title='bbox 212 1737 246 1796; x_wconf 93' lang='lat' dir='ltr'><strong>et</strong></span> <span class='ocrx_word' id='word_1_79' title='bbox 268 1737 360 1814; x_wconf 90' lang='lat' dir='ltr'><strong>capto</strong></span> <span class='ocrx_word' id='word_1_80' title='bbox 384 1731 543 1800; x_wconf 87' lang='lat' dir='ltr'><strong>Obelierio</strong></span> <span class='ocrx_word' id='word_1_81' title='bbox 567 1732 724 1799; x_wconf 86' lang='lat' dir='ltr'><strong>decollare</strong></span> <span class='ocrx_word' id='word_1_82' title='bbox 748 1751 819 1798; x_wconf 91' lang='lat' dir='ltr'><strong>eum</strong></span> <span class='ocrx_word' id='word_1_83' title='bbox 843 1732 943 1799; x_wconf 88' lang='lat' dir='ltr'><strong>iussit.</strong></span> <span class='ocrx_word' id='word_1_84' title='bbox 967 1729 1063 1800; x_wconf 85' lang='lat' dir='ltr'><strong>Cuius</strong></span> <span class='ocrx_word' id='word_1_85' title='bbox 1086 1739 1180 1815; x_wconf 88' lang='lat' dir='ltr'><strong>ceput</strong></span> <span class='ocrx_word' id='word_1_86' title='bbox 1202 1733 1243 1799; x_wconf 89' lang='lat' dir='ltr'><strong>ad</strong></span> <span class='ocrx_word' id='word_1_87' title='bbox 1265 1731 1443 1800; x_wconf 88' lang='lat' dir='ltr'><strong>Metauma·</strong></span> 
     </span>
     <span class='ocr_line' id='line_1_13' title="bbox 211 1827 1445 1918; baseline 0.002 -16"><span class='ocrx_word' id='word_1_88' title='bbox 211 1852 337 1902; x_wconf 83' lang='lat' dir='ltr'><strong>oensem</strong></span> <span class='ocrx_word' id='word_1_89' title='bbox 359 1835 495 1902; x_wconf 85' lang='lat' dir='ltr'><strong>insulam</strong></span> <span class='ocrx_word' id='word_1_90' title='bbox 517 1827 665 1918; x_wconf 86' lang='lat' dir='ltr'><strong>delatum,</strong></span> <span class='ocrx_word' id='word_1_91' title='bbox 690 1837 722 1902; x_wconf 96' lang='lat' dir='ltr'><strong>in</strong></span> <span class='ocrx_word' id='word_1_92' title='bbox 745 1837 869 1904; x_wconf 88' lang='lat' dir='ltr'><strong>sabbati</strong></span> <span class='ocrx_word' id='word_1_93' title='bbox 892 1837 994 1905; x_wconf 90' lang='lat' dir='ltr'><strong>sancti</strong></span> <span class='ocrx_word' id='word_1_94' title='bbox 1017 1837 1068 1906; x_wconf 87' lang='lat' dir='ltr'><strong>die</strong></span> <span class='ocrx_word' id='word_1_95' title='bbox 1089 1837 1177 1904; x_wconf 83' lang='lat' dir='ltr'><strong>iuxta</strong></span> <span class='ocrx_word' id='word_1_96' title='bbox 1199 1837 1300 1904; x_wconf 90' lang='lat' dir='ltr'><strong>sancti</strong></span> <span class='ocrx_word' id='word_1_97' title='bbox 1315 1836 1445 1904; x_wconf 85' lang='lat' dir='ltr'><strong>Martini</strong></span> 
     </span>
     <span class='ocr_line' id='line_1_14' title="bbox 211 1941 678 2024; baseline 0.002 -19"><span class='ocrx_word' id='word_1_98' title='bbox 211 1941 385 2022; x_wconf 84' lang='lat' dir='ltr'><strong>marginem</strong></span> <span class='ocrx_word' id='word_1_99' title='bbox 407 1951 595 2024; x_wconf 85' lang='lat' dir='ltr'><strong>suspensum</strong></span> <span class='ocrx_word' id='word_1_100' title='bbox 619 1947 678 2007; x_wconf 89' lang='lat' dir='ltr'><strong>est.</strong></span> 
     </span>
    </p>

    <p class='ocr_par' dir='ltr' id='par_1_3' title="bbox 286 2053 1442 2146">
     <span class='ocr_line' id='line_1_15' title="bbox 286 2053 1442 2146; baseline 0 -18"><span class='ocrx_word' id='word_1_101' title='bbox 286 2053 807 2130; x_wconf 72' lang='lat' dir='ltr'><strong>‘lobanniscbronvenetPertaSS.</strong></span> <span class='ocrx_word' id='word_1_102' title='bbox 822 2067 887 2144; x_wconf 86' lang='lat' dir='ltr'><strong>vll,</strong></span> <span class='ocrx_word' id='word_1_103' title='bbox 904 2069 953 2128; x_wconf 84' lang='grc'><strong>16.</strong></span> <span class='ocrx_word' id='word_1_104' title='bbox 969 2069 1080 2128; x_wconf 85' lang='lat' dir='ltr'><strong>Locum</strong></span> <span class='ocrx_word' id='word_1_105' title='bbox 1092 2067 1253 2146; x_wconf 84' lang='lat' dir='ltr'><strong>desumpsit</strong></span> <span class='ocrx_word' id='word_1_106' title='bbox 1260 2067 1351 2130; x_wconf 81' lang='lat' dir='ltr'><strong>Andr.</strong></span> <span class='ocrx_word' id='word_1_107' title='bbox 1363 2069 1442 2129; x_wconf 85' lang='lat' dir='ltr'><strong>Dan·</strong></span> 
     </span>
    </p>

    <p class='ocr_par' dir='ltr' id='par_1_4' title="bbox 255 2151 833 2233">
     <span class='ocr_line' id='line_1_16' title="bbox 255 2151 833 2233; baseline 0.002 -19"><span class='ocrx_word' id='word_1_108' title='bbox 255 2151 356 2214; x_wconf 85' lang='lat' dir='ltr'><strong>dulus:</strong></span> <span class='ocrx_word' id='word_1_109' title='bbox 373 2153 500 2214; x_wconf 88' lang='lat' dir='ltr'><strong>chronio.</strong></span> <span class='ocrx_word' id='word_1_110' title='bbox 518 2153 659 2214; x_wconf 83' lang='lat' dir='ltr'><strong>Muratori</strong></span> <span class='ocrx_word' id='word_1_111' title='bbox 675 2153 742 2233; x_wconf 83' lang='lat' dir='ltr'><strong>llll,</strong></span> <span class='ocrx_word' id='word_1_112' title='bbox 762 2157 833 2216; x_wconf 79' lang='lat'><strong>173.</strong></span> 
     </span>
    </p>
   </div>
   <div class='ocr_carea' id='block_1_2' title="bbox 254 2240 1443 2406">
    <p class='ocr_par' dir='ltr' id='par_1_5' title="bbox 254 2240 1443 2406">
     <span class='ocr_line' id='line_1_17' title="bbox 297 2240 1443 2318; baseline 0.001 -18"><span class='ocrx_word' id='word_1_113' title='bbox 297 2240 462 2302; x_wconf 80' lang='lat' dir='ltr'><strong>Addueitur</strong></span> <span class='ocrx_word' id='word_1_114' title='bbox 482 2258 555 2302; x_wconf 89' lang='lat' dir='ltr'><strong>vero</strong></span> <span class='ocrx_word' id='word_1_115' title='bbox 577 2241 626 2301; x_wconf 89' lang='lat' dir='ltr'><strong>hio</strong></span> <span class='ocrx_word' id='word_1_116' title='bbox 648 2247 770 2303; x_wconf 82' lang='lat' dir='ltr'><strong>eventus</strong></span> <span class='ocrx_word' id='word_1_117' title='bbox 784 2259 851 2302; x_wconf 86' lang='lat' dir='ltr'><strong>mox</strong></span> <span class='ocrx_word' id='word_1_118' title='bbox 872 2245 1075 2318; x_wconf 86' lang='lat' dir='ltr'><strong>postmortem</strong></span> <span class='ocrx_word' id='word_1_119' title='bbox 1092 2241 1443 2318; x_wconf 86' lang='lat' dir='ltr'><strong>imperatorisblichaelis</strong></span> 
     </span>
     <span class='ocr_line' id='line_1_18' title="bbox 254 2327 1185 2406; baseline 0.004 -20"><span class='ocrx_word' id='word_1_120' title='bbox 254 2327 283 2386; x_wconf 93' lang='lat' dir='ltr'><strong>lI</strong></span> <span class='ocrx_word' id='word_1_121' title='bbox 298 2327 346 2387; x_wconf 88' lang='lat' dir='ltr'><strong>die</strong></span> <span class='ocrx_word' id='word_1_122' title='bbox 364 2330 380 2387; x_wconf 99' lang='grc'><strong>1</strong></span> <span class='ocrx_word' id='word_1_123' title='bbox 397 2327 461 2388; x_wconf 88' lang='lat' dir='ltr'><strong>Oct.</strong></span> <span class='ocrx_word' id='word_1_124' title='bbox 479 2329 551 2400; x_wconf 80' lang='lat'><strong>829,</strong></span> <span class='ocrx_word' id='word_1_125' title='bbox 567 2345 655 2404; x_wconf 86' lang='lat' dir='ltr'><strong>quam</strong></span> <span class='ocrx_word' id='word_1_126' title='bbox 670 2327 824 2390; x_wconf 89' lang='lat' dir='ltr'><strong>Obelerius</strong></span> <span class='ocrx_word' id='word_1_127' title='bbox 840 2330 923 2404; x_wconf 90' lang='lat' dir='ltr'><strong>quasi</strong></span> <span class='ocrx_word' id='word_1_128' title='bbox 939 2329 1185 2406; x_wconf 80' lang='lat' dir='ltr'><strong>praestolabatur.</strong></span> 
     </span>
    </p>
   </div>
   <div class='ocr_carea' id='block_1_3' title="bbox 209 2441 1443 2602">
    <p class='ocr_par' dir='ltr' id='par_1_6' title="bbox 209 2441 1443 2602">
     <span class='ocr_line' id='line_1_19' title="bbox 252 2441 1443 2514; baseline 0.002 -17"><span class='ocrx_word' id='word_1_129' title='bbox 252 2444 258 2473; x_wconf 88' lang='lat'><strong>¹</strong></span> <span class='ocrx_word' id='word_1_130' title='bbox 275 2441 344 2497; x_wconf 85' lang='lat' dir='ltr'><strong>Vide</strong></span> <span class='ocrx_word' id='word_1_131' title='bbox 361 2459 422 2514; x_wconf 80' lang='lat' dir='ltr'><strong>pag.</strong></span> <span class='ocrx_word' id='word_1_132' title='bbox 441 2447 585 2500; x_wconf 74' lang='lat' dir='ltr'><strong>tls—314.</strong></span> <span class='ocrx_word' id='word_1_133' title='bbox 676 2447 687 2476; x_wconf 85' lang='lat'>²</span> <span class='ocrx_word' id='word_1_134' title='bbox 705 2449 778 2514; x_wconf 79' lang='lat' dir='ltr'><strong>,Aut</strong></span> <span class='ocrx_word' id='word_1_135' title='bbox 802 2445 917 2501; x_wconf 74' lang='lat' dir='ltr'><strong>sonasse</strong></span> <span class='ocrx_word' id='word_1_136' title='bbox 943 2445 1078 2500; x_wconf 84' lang='lat' dir='ltr'><strong>Ouriclum</strong></span> <span class='ocrx_word' id='word_1_137' title='bbox 1095 2451 1139 2500; x_wconf 88' lang='lat' dir='ltr'><strong>est</strong></span> <span class='ocrx_word' id='word_1_138' title='bbox 1154 2444 1236 2501; x_wconf 86' lang='lat' dir='ltr'><strong>hodie</strong></span> <span class='ocrx_word' id='word_1_139' title='bbox 1254 2443 1397 2500; x_wconf 82' lang='lat' dir='ltr'><strong>Cornichia</strong></span> <span class='ocrx_word' id='word_1_140' title='bbox 1414 2445 1443 2499; x_wconf 91' lang='lat' dir='ltr'><strong>in</strong></span> 
     </span>
     <span class='ocr_line' id='line_1_20' title="bbox 209 2529 1443 2602; baseline -0.002 -16"><span class='ocrx_word' id='word_1_141' title='bbox 209 2529 299 2586; x_wconf 85' lang='lat' dir='ltr'><strong>insula</strong></span> <span class='ocrx_word' id='word_1_142' title='bbox 317 2530 413 2601; x_wconf 77' lang='lat' dir='ltr'><strong>Veglia</strong></span> <span class='ocrx_word' id='word_1_143' title='bbox 430 2547 516 2601; x_wconf 84' lang='lat' dir='ltr'><strong>prope</strong></span> <span class='ocrx_word' id='word_1_144' title='bbox 534 2532 653 2588; x_wconf 88' lang='lat' dir='ltr'><strong>eiusdem</strong></span> <span class='ocrx_word' id='word_1_145' title='bbox 677 2532 801 2588; x_wconf 76' lang='lat' dir='ltr'><strong>vocabuli</strong></span> <span class='ocrx_word' id='word_1_146' title='bbox 826 2533 989 2602; x_wconf 83' lang='lat' dir='ltr'><strong>oppidum“.&#39;</strong></span> <span class='ocrx_word' id='word_1_147' title='bbox 1003 2533 1046 2588; x_wconf 89' lang='lat' dir='ltr'><strong>lta</strong></span> <span class='ocrx_word' id='word_1_148' title='bbox 1070 2533 1158 2588; x_wconf 83' lang='lat' dir='ltr'><strong>Perta.</strong></span> <span class='ocrx_word' id='word_1_149' title='bbox 1182 2529 1323 2587; x_wconf 89' lang='lat' dir='ltr'><strong>Dandulua</strong></span> <span class='ocrx_word' id='word_1_150' title='bbox 1347 2531 1443 2587; x_wconf 80' lang='lat' dir='ltr'><strong>habet:</strong></span> 
     </span>
    </p>
   </div>
   <div class='ocr_carea' id='block_1_4' title="bbox 209 2601 1443 2950">
    <p class='ocr_par' dir='ltr' id='par_1_7' title="bbox 209 2601 1443 2950">
     <span class='ocr_line' id='line_1_21' title="bbox 211 2601 1443 2690; baseline 0.002 -19"><span class='ocrx_word' id='word_1_151' title='bbox 211 2624 255 2684; x_wconf 83' lang='lat' dir='ltr'><strong>„et</strong></span> <span class='ocrx_word' id='word_1_152' title='bbox 272 2623 301 2672; x_wconf 89' lang='lat' dir='ltr'><strong>in</strong></span> <span class='ocrx_word' id='word_1_153' title='bbox 319 2618 420 2687; x_wconf 79' lang='lat' dir='ltr'><strong>Vigilia</strong></span> <span class='ocrx_word' id='word_1_154' title='bbox 438 2620 547 2674; x_wconf 80' lang='lat' dir='ltr'><strong>civitate</strong></span> <span class='ocrx_word' id='word_1_155' title='bbox 571 2625 638 2690; x_wconf 87' lang='lat' dir='ltr'><strong>aput</strong></span> <span class='ocrx_word' id='word_1_156' title='bbox 655 2619 815 2675; x_wconf 57' lang='lat' dir='ltr'><strong>circuiunt</strong></span> <span class='ocrx_word' id='word_1_157' title='bbox 843 2621 937 2676; x_wconf 86' lang='lat' dir='ltr'><strong>lnsula</strong></span> <span class='ocrx_word' id='word_1_158' title='bbox 960 2620 1109 2675; x_wconf 85' lang='lat' dir='ltr'><strong>veteribus:</strong></span> <span class='ocrx_word' id='word_1_159' title='bbox 1138 2601 1443 2690; x_wconf 71' lang='lat' dir='ltr'><strong>„Kvpuxrwtcurac-</strong></span> 
     </span>
     <span class='ocr_line' id='line_1_22' title="bbox 209 2687 1441 2778; baseline 0.002 -20"><span class='ocrx_word' id='word_1_160' title='bbox 209 2704 272 2772; x_wconf 87' lang='lat' dir='ltr'><strong>tica,</strong></span> <span class='ocrx_word' id='word_1_161' title='bbox 295 2687 454 2777; x_wconf 61' lang='grc' dir='ltr'><strong>Κουρῐκτα,</strong></span> <span class='ocrx_word' id='word_1_162' title='bbox 477 2705 594 2774; x_wconf 80' lang='lat' dir='ltr'><strong>Curicta,</strong></span> <span class='ocrx_word' id='word_1_163' title='bbox 613 2707 709 2763; x_wconf 84' lang='lat' dir='ltr'><strong>Curios</strong></span> <span class='ocrx_word' id='word_1_164' title='bbox 727 2707 802 2778; x_wconf 86' lang='lat' dir='ltr'><strong>(slav</strong></span> <span class='ocrx_word' id='word_1_165' title='bbox 824 2705 905 2778; x_wconf 82' lang='lat' dir='ltr'><strong>Krlr),</strong></span> <span class='ocrx_word' id='word_1_166' title='bbox 925 2723 984 2763; x_wconf 90' lang='lat' dir='ltr'><strong>cum</strong></span> <span class='ocrx_word' id='word_1_167' title='bbox 997 2707 1098 2777; x_wconf 92' lang='lat' dir='ltr'><strong>oppido</strong></span> <span class='ocrx_word' id='word_1_168' title='bbox 1112 2707 1279 2776; x_wconf 78' lang='lat' dir='ltr'><strong>„Curicum¹‘.</strong></span> <span class='ocrx_word' id='word_1_169' title='bbox 1297 2705 1441 2776; x_wconf 77' lang='lat' dir='ltr'><strong>Forbiger:</strong></span> 
     </span>
     <span class='ocr_line' id='line_1_23' title="bbox 210 2790 1442 2868; baseline 0.002 -22"><span class='ocrx_word' id='word_1_170' title='bbox 210 2790 360 2848; x_wconf 83' lang='lat' dir='ltr'><strong>Haudbucb</strong></span> <span class='ocrx_word' id='word_1_171' title='bbox 378 2792 427 2848; x_wconf 87' lang='lat' dir='ltr'><strong>der</strong></span> <span class='ocrx_word' id='word_1_172' title='bbox 445 2793 517 2849; x_wconf 87' lang='lat' dir='ltr'><strong>alten</strong></span> <span class='ocrx_word' id='word_1_173' title='bbox 536 2793 707 2864; x_wconf 76' lang='lat' dir='ltr'><strong>Geograplrie</strong></span> <span class='ocrx_word' id='word_1_174' title='bbox 725 2795 774 2866; x_wconf 87' lang='lat'><strong>111,</strong></span> <span class='ocrx_word' id='word_1_175' title='bbox 792 2795 850 2850; x_wconf 79' lang='lat'><strong>844.</strong></span> <span class='ocrx_word' id='word_1_176' title='bbox 877 2796 1041 2851; x_wconf 86' lang='lat' dir='ltr'><strong>Mommsen:</strong></span> <span class='ocrx_word' id='word_1_177' title='bbox 1066 2795 1171 2864; x_wconf 85' lang='lat' dir='ltr'><strong>Corpus</strong></span> <span class='ocrx_word' id='word_1_178' title='bbox 1189 2794 1310 2868; x_wconf 79' lang='lat' dir='ltr'><strong>inscript.</strong></span> <span class='ocrx_word' id='word_1_179' title='bbox 1329 2793 1376 2849; x_wconf 89' lang='lat' dir='ltr'><strong>lat.</strong></span> <span class='ocrx_word' id='word_1_180' title='bbox 1394 2793 1442 2864; x_wconf 80' lang='lat' dir='ltr'><strong>Ill,</strong></span> 
     </span>
     <span class='ocr_line' id='line_1_24' title="bbox 212 2883 357 2950; baseline 0.007 -17"><span class='ocrx_word' id='word_1_181' title='bbox 212 2883 235 2935; x_wconf 92' lang='lat' dir='ltr'><strong>l.</strong></span> <span class='ocrx_word' id='word_1_182' title='bbox 253 2897 279 2950; x_wconf 90' lang='lat' dir='ltr'><strong>p.</strong></span> <span class='ocrx_word' id='word_1_183' title='bbox 298 2883 357 2936; x_wconf 79' lang='grc'><strong>398.</strong></span> 
     </span>
    </p>
   </div>
   <div class='ocr_carea' id='block_1_5' title="bbox 208 3098 1443 3581">
    <p class='ocr_par' dir='ltr' id='par_1_8' title="bbox 209 3098 838 3243">
     <span class='ocr_line' id='line_1_25' title="bbox 209 3098 838 3243; baseline 0.002 -2"><span class='ocrx_word' id='word_1_184' title='bbox 209 3179 230 3241; x_wconf 82' lang='lat' dir='ltr'><strong>b.</strong></span> <span class='ocrx_word' id='word_1_185' title='bbox 246 3197 266 3241; x_wconf 84' lang='lat' dir='ltr'><strong>a.</strong></span> <span class='ocrx_word' id='word_1_186' title='bbox 281 3179 384 3243; x_wconf 81' lang='lat' dir='ltr'><strong>ttt--t</strong></span> <span class='ocrx_word' id='word_1_187' title='bbox 809 3098 838 3159; x_wconf 44' lang='lat'><strong>3⁸</strong></span> 
     </span>
    </p>

    <p class='ocr_par' dir='ltr' id='par_1_9' title="bbox 208 3300 1443 3581">
     <span class='ocr_line' id='line_1_26' title="bbox 252 3300 1443 3388; baseline 0.001 -21"><span class='ocrx_word' id='word_1_188' title='bbox 252 3300 344 3368; x_wconf 81' lang='lat' dir='ltr'><strong>Circo</strong></span> <span class='ocrx_word' id='word_1_189' title='bbox 373 3300 433 3368; x_wconf 91' lang='lat' dir='ltr'><strong>hoe</strong></span> <span class='ocrx_word' id='word_1_190' title='bbox 459 3308 606 3386; x_wconf 76' lang='lat' dir='ltr'><strong>&#39;tempore</strong></span> <span class='ocrx_word' id='word_1_191' title='bbox 636 3302 797 3388; x_wconf 84' lang='lat' dir='ltr'><strong>Venetici,</strong></span> <span class='ocrx_word' id='word_1_192' title='bbox 828 3303 953 3387; x_wconf 82' lang='lat' dir='ltr'><strong>negocii</strong></span> <span class='ocrx_word' id='word_1_193' title='bbox 975 3321 1072 3370; x_wconf 90' lang='lat' dir='ltr'><strong>causa</strong></span> <span class='ocrx_word' id='word_1_194' title='bbox 1094 3302 1167 3369; x_wconf 91' lang='lat' dir='ltr'><strong>dum</strong></span> <span class='ocrx_word' id='word_1_195' title='bbox 1199 3301 1239 3369; x_wconf 91' lang='lat' dir='ltr'><strong>de</strong></span> <span class='ocrx_word' id='word_1_196' title='bbox 1260 3300 1443 3368; x_wconf 81' lang='lat' dir='ltr'><strong>Benevento</strong></span> 
     </span>
     <span class='ocr_line' id='line_1_27' title="bbox 209 3405 1442 3493; baseline -0.002 -19"><span class='ocrx_word' id='word_1_197' title='bbox 209 3408 469 3487; x_wconf 88' lang='lat' dir='ltr'><strong>revertebantur,</strong></span> <span class='ocrx_word' id='word_1_198' title='bbox 499 3407 737 3476; x_wconf 87' lang='lat' dir='ltr'><strong>aNarantanis</strong></span> <span class='ocrx_word' id='word_1_199' title='bbox 767 3407 888 3476; x_wconf 87' lang='lat' dir='ltr'><strong>Sclavis</strong></span> <span class='ocrx_word' id='word_1_200' title='bbox 911 3409 1013 3493; x_wconf 88' lang='lat' dir='ltr'><strong>capti,</strong></span> <span class='ocrx_word' id='word_1_201' title='bbox 1043 3427 1125 3493; x_wconf 92' lang='lat' dir='ltr'><strong>pene</strong></span> <span class='ocrx_word' id='word_1_202' title='bbox 1155 3427 1263 3476; x_wconf 88' lang='lat' dir='ltr'><strong>omnes</strong></span> <span class='ocrx_word' id='word_1_203' title='bbox 1284 3405 1442 3476; x_wconf 86' lang='lat' dir='ltr'><strong>interlecti</strong></span> 
     </span>
     <span class='ocr_line' id='line_1_28' title="bbox 208 3519 291 3581; baseline -0.012 -1"><span class='ocrx_word' id='word_1_204' title='bbox 208 3519 291 3581; x_wconf 90' lang='lat' dir='ltr'><strong>sunt.</strong></span> 
     </span>
    </p>
   </div>
   <div class='ocr_carea' id='block_1_6' title="bbox 252 3638 1443 3963">
    <p class='ocr_par' dir='ltr' id='par_1_10' title="bbox 252 3638 1443 3963">
     <span class='ocr_line' id='line_1_29' title="bbox 294 3638 1439 3740; baseline -0.001 -40"><span class='ocrx_word' id='word_1_205' title='bbox 294 3639 437 3740; x_wconf 77' lang='lat' dir='ltr'><strong>lobannis</strong></span> <span class='ocrx_word' id='word_1_206' title='bbox 453 3639 553 3701; x_wconf 89' lang='lat' dir='ltr'><strong>chron.</strong></span> <span class='ocrx_word' id='word_1_207' title='bbox 570 3645 666 3701; x_wconf 90' lang='lat' dir='ltr'><strong>venet.</strong></span> <span class='ocrx_word' id='word_1_208' title='bbox 683 3641 770 3701; x_wconf 85' lang='lat' dir='ltr'><strong>Perta</strong></span> <span class='ocrx_word' id='word_1_209' title='bbox 785 3639 837 3700; x_wconf 81' lang='lat' dir='ltr'><strong>SS.</strong></span> <span class='ocrx_word' id='word_1_210' title='bbox 854 3639 920 3720; x_wconf 88' lang='lat' dir='ltr'><strong>VH,</strong></span> <span class='ocrx_word' id='word_1_211' title='bbox 940 3643 988 3702; x_wconf 81' lang='grc'><strong>17.</strong></span> <span class='ocrx_word' id='word_1_212' title='bbox 1006 3639 1099 3700; x_wconf 78' lang='lat' dir='ltr'><strong>Andr.</strong></span> <span class='ocrx_word' id='word_1_213' title='bbox 1115 3638 1244 3702; x_wconf 91' lang='lat' dir='ltr'><strong>Danduli</strong></span> <span class='ocrx_word' id='word_1_214' title='bbox 1260 3639 1360 3700; x_wconf 90' lang='lat' dir='ltr'><strong>chron.</strong></span> <span class='ocrx_word' id='word_1_215' title='bbox 1377 3639 1439 3700; x_wconf 82' lang='lat' dir='ltr'><strong>Mn-</strong></span> 
     </span>
     <span class='ocr_line' id='line_1_30' title="bbox 252 3727 1443 3895; baseline 0.002 -23"><span class='ocrx_word' id='word_1_216' title='bbox 252 3727 426 3875; x_wconf 52' lang='grc' dir='ltr'><strong>ηιέῗοξῐῗέ</strong></span> <span class='ocrx_word' id='word_1_217' title='bbox 441 3729 604 3891; x_wconf 32' lang='lat' dir='ltr'><strong>&amp;adcessit</strong></span> <span class='ocrx_word' id='word_1_218' title='bbox 615 3814 828 3894; x_wconf 82' lang='lat' dir='ltr'><strong>depositionem</strong></span> <span class='ocrx_word' id='word_1_219' title='bbox 839 3814 961 3875; x_wconf 77' lang='lat' dir='ltr'><strong>loannis</strong></span> <span class='ocrx_word' id='word_1_220' title='bbox 972 3813 1139 3895; x_wconf 79' lang='lat' dir='ltr'><strong>Particiaci,</strong></span> <span class='ocrx_word' id='word_1_221' title='bbox 1156 3815 1202 3876; x_wconf 91' lang='lat' dir='ltr'><strong>cni</strong></span> <span class='ocrx_word' id='word_1_222' title='bbox 1218 3831 1245 3875; x_wconf 89' lang='lat' dir='ltr'><strong>a.</strong></span> <span class='ocrx_word' id='word_1_223' title='bbox 1259 3815 1320 3875; x_wconf 85' lang='lat'><strong>836</strong></span> <span class='ocrx_word' id='word_1_224' title='bbox 1335 3813 1443 3874; x_wconf 90' lang='lat' dir='ltr'><strong>Petrus</strong></span> 
     </span>
     <span class='ocr_line' id='line_1_31' title="bbox 252 3900 767 3963; baseline 0 -2"><span class='ocrx_word' id='word_1_225' title='bbox 252 3900 435 3963; x_wconf 84' lang='lat' dir='ltr'><strong>Tradonicus</strong></span> <span class='ocrx_word' id='word_1_226' title='bbox 450 3902 480 3962; x_wconf 92' lang='lat' dir='ltr'><strong>in</strong></span> <span class='ocrx_word' id='word_1_227' title='bbox 496 3901 603 3962; x_wconf 89' lang='lat' dir='ltr'><strong>ducatu</strong></span> <span class='ocrx_word' id='word_1_228' title='bbox 618 3902 767 3963; x_wconf 85' lang='lat' dir='ltr'><strong>successit.</strong></span> 
     </span>
    </p>
   </div>
   <div class='ocr_carea' id='block_1_7' title="bbox 206 4147 1441 4752">
    <p class='ocr_par' dir='ltr' id='par_1_11' title="bbox 207 4147 839 4304">
     <span class='ocr_line' id='line_1_32' title="bbox 800 4147 839 4208; baseline -0.051 0"><span class='ocrx_word' id='word_1_229' title='bbox 800 4147 839 4208; x_wconf 82' lang='grc'><strong>’4.</strong></span> 
     </span>
     <span class='ocr_line' id='line_1_33' title="bbox 207 4231 352 4304; baseline -0.014 -8"><span class='ocrx_word' id='word_1_230' title='bbox 207 4231 230 4296; x_wconf 85' lang='lat' dir='ltr'><strong>t</strong></span> <span class='ocrx_word' id='word_1_231' title='bbox 246 4233 292 4304; x_wconf 83' lang='lat' dir='ltr'><strong>tto,</strong></span> <span class='ocrx_word' id='word_1_232' title='bbox 307 4233 352 4295; x_wconf 82' lang='lat' dir='ltr'><strong>no.</strong></span> 
     </span>
    </p>

    <p class='ocr_par' dir='ltr' id='par_1_12' title="bbox 206 4349 1441 4752">
     <span class='ocr_line' id='line_1_34' title="bbox 251 4349 1439 4439; baseline -0.005 -19"><span class='ocrx_word' id='word_1_233' title='bbox 251 4355 429 4438; x_wconf 65' lang='grc'><strong>(11839.)</strong></span> <span class='ocrx_word' id='word_1_234' title='bbox 460 4354 528 4422; x_wconf 86' lang='lat' dir='ltr'><strong>Iste</strong></span> <span class='ocrx_word' id='word_1_235' title='bbox 557 4370 694 4434; x_wconf 91' lang='lat' dir='ltr'><strong>namque</strong></span> <span class='ocrx_word' id='word_1_236' title='bbox 723 4351 851 4436; x_wconf 87' lang='lat' dir='ltr'><strong>(Petrus</strong></span> <span class='ocrx_word' id='word_1_237' title='bbox 874 4349 950 4439; x_wconf 83' lang='lat' dir='ltr'><strong>dux)</strong></span> <span class='ocrx_word' id='word_1_238' title='bbox 981 4352 1079 4420; x_wconf 87' lang='lat' dir='ltr'><strong>tercio</strong></span> <span class='ocrx_word' id='word_1_239' title='bbox 1112 4349 1162 4416; x_wconf 89' lang='lat' dir='ltr'><strong>sui</strong></span> <span class='ocrx_word' id='word_1_240' title='bbox 1186 4349 1318 4417; x_wconf 87' lang='lat' dir='ltr'><strong>ducatus</strong></span> <span class='ocrx_word' id='word_1_241' title='bbox 1341 4349 1439 4415; x_wconf 87' lang='lat' dir='ltr'><strong>anno¹</strong></span> 
     </span>
     <span class='ocr_line' id='line_1_35' title="bbox 209 4452 1441 4539; baseline -0.007 -12"><span class='ocrx_word' id='word_1_242' title='bbox 209 4459 421 4527; x_wconf 81' lang='lat' dir='ltr'><strong>Sclaveniam¹</strong></span> <span class='ocrx_word' id='word_1_243' title='bbox 443 4457 602 4526; x_wconf 84' lang='lat' dir='ltr'><strong>bellicosis</strong></span> <span class='ocrx_word' id='word_1_244' title='bbox 636 4457 768 4525; x_wconf 90' lang='lat' dir='ltr'><strong>navibus</strong></span> <span class='ocrx_word' id='word_1_245' title='bbox 799 4463 1049 4539; x_wconf 83' lang='lat' dir='ltr'><strong>expugnaturam</strong></span> <span class='ocrx_word' id='word_1_246' title='bbox 1081 4455 1188 4522; x_wconf 90' lang='lat' dir='ltr'><strong>adivit.</strong></span> <span class='ocrx_word' id='word_1_247' title='bbox 1224 4453 1288 4520; x_wconf 87' lang='lat' dir='ltr'><strong>Sed</strong></span> <span class='ocrx_word' id='word_1_248' title='bbox 1316 4454 1368 4520; x_wconf 89' lang='lat' dir='ltr'><strong>ubi</strong></span> <span class='ocrx_word' id='word_1_249' title='bbox 1399 4452 1441 4519; x_wconf 90' lang='lat' dir='ltr'><strong>ad</strong></span> 
     </span>
     <span class='ocr_line' id='line_1_36' title="bbox 207 4559 1439 4646; baseline -0.006 -17"><span class='ocrx_word' id='word_1_250' title='bbox 207 4565 328 4644; x_wconf 89' lang='lat' dir='ltr'><strong>locum,</strong></span> <span class='ocrx_word' id='word_1_251' title='bbox 360 4564 413 4646; x_wconf 88' lang='lat' dir='ltr'><strong>qui</strong></span> <span class='ocrx_word' id='word_1_252' title='bbox 435 4567 566 4631; x_wconf 91' lang='lat' dir='ltr'><strong>vocatur</strong></span> <span class='ocrx_word' id='word_1_253' title='bbox 588 4561 688 4628; x_wconf 90' lang='lat' dir='ltr'><strong>sancti</strong></span> <span class='ocrx_word' id='word_1_254' title='bbox 711 4561 839 4628; x_wconf 86' lang='lat' dir='ltr'><strong>Martini</strong></span> <span class='ocrx_word' id='word_1_255' title='bbox 863 4560 978 4628; x_wconf 84' lang='lat' dir='ltr'><strong>curtis³</strong></span> <span class='ocrx_word' id='word_1_256' title='bbox 999 4559 1196 4643; x_wconf 86' lang='lat' dir='ltr'><strong>perveniret,</strong></span> <span class='ocrx_word' id='word_1_257' title='bbox 1227 4575 1337 4641; x_wconf 90' lang='lat' dir='ltr'><strong>pacem</strong></span> <span class='ocrx_word' id='word_1_258' title='bbox 1368 4573 1439 4622; x_wconf 91' lang='lat' dir='ltr'><strong>cum</strong></span> 
     </span>
     <span class='ocr_line' id='line_1_37' title="bbox 206 4661 1440 4752; baseline -0.008 -17"><span class='ocrx_word' id='word_1_259' title='bbox 206 4667 332 4736; x_wconf 87' lang='lat' dir='ltr'><strong>illorum</strong></span> <span class='ocrx_word' id='word_1_260' title='bbox 354 4667 496 4752; x_wconf 89' lang='lat' dir='ltr'><strong>principe</strong></span> <span class='ocrx_word' id='word_1_261' title='bbox 518 4666 709 4734; x_wconf 82' lang='lat' dir='ltr'><strong>Muisclavo⁴</strong></span> <span class='ocrx_word' id='word_1_262' title='bbox 738 4667 864 4734; x_wconf 88' lang='lat' dir='ltr'><strong>nomine</strong></span> <span class='ocrx_word' id='word_1_263' title='bbox 892 4662 1037 4732; x_wconf 81' lang='lat' dir='ltr'><strong>firmavit.</strong></span> <span class='ocrx_word' id='word_1_264' title='bbox 1069 4663 1193 4732; x_wconf 86' lang='lat' dir='ltr'><strong>Deinde</strong></span> <span class='ocrx_word' id='word_1_265' title='bbox 1223 4661 1440 4746; x_wconf 86' lang='lat' dir='ltr'><strong>pertransiens</strong></span> 
     </span>
    </p>
   </div>
   <div class='ocr_carea' id='block_1_8' title="bbox 0 0 1806 5276">
    <p class='ocr_par' dir='ltr' id='par_1_13' title="bbox 0 0 1806 5276">
     <span class='ocr_line' id='line_1_38' title="bbox 0 0 1806 5276; baseline 0 3"><span class='ocrx_word' id='word_1_266' title='bbox 0 0 1806 5276; x_wconf 95' lang='lat' dir='ltr'><strong> </strong></span> 
     </span>
    </p>
   </div>
  </div>
 </body>
</html>
