<?xml version="1.0" encoding="UTF-8"?>
<!DOCTYPE html PUBLIC "-//W3C//DTD XHTML 1.0 Transitional//EN"
    "http://www.w3.org/TR/xhtml1/DTD/xhtml1-transitional.dtd">
<html xmlns="http://www.w3.org/1999/xhtml" xml:lang="en" lang="en">
 <head>
  <title>
</title>
<meta http-equiv="Content-Type" content="text/html;charset=utf-8" />
  <meta name='ocr-system' content='tesseract 3.04.00' />
  <meta name='ocr-capabilities' content='ocr_page ocr_carea ocr_par ocr_line ocrx_word'/>
</head>
<body>
  <div class='ocr_page' id='page_1' title='image "./documentahistor00ragoog_0433.png"; bbox 0 0 3572 5276; ppageno 0'>
   <div class='ocr_carea' id='block_1_1' title="bbox 1417 407 1481 473">
    <p class='ocr_par' dir='ltr' id='par_1_1' title="bbox 1417 407 1481 473">
     <span class='ocr_line' id='line_1_1' title="bbox 1417 407 1481 473; baseline 0 -1"><span class='ocrx_word' id='word_1_1' title='bbox 1417 407 1481 473; x_wconf 79' lang='lat'><strong>403</strong></span> 
     </span>
    </p>
   </div>
   <div class='ocr_carea' id='block_1_2' title="bbox 235 607 1550 4806">
    <p class='ocr_par' dir='ltr' id='par_1_2' title="bbox 235 607 1550 4806">
     <span class='ocr_line' id='line_1_2' title="bbox 238 607 1482 706; baseline 0.003 -31"><span class='ocrx_word' id='word_1_2' title='bbox 238 632 287 686; x_wconf 83' lang='grc' dir='ltr'><strong>τες</strong></span> <span class='ocrx_word' id='word_1_3' title='bbox 318 609 418 676; x_wconf 80' lang='grc' dir='ltr'><strong>ὲποίνω</strong></span> <span class='ocrx_word' id='word_1_4' title='bbox 448 611 660 699; x_wconf 80' lang='grc' dir='ltr'><strong>αοομίπας,ἑν</strong></span> <span class='ocrx_word' id='word_1_5' title='bbox 689 607 729 685; x_wconf 87' lang='grc' dir='ltr'><strong>οίς</strong></span> <span class='ocrx_word' id='word_1_6' title='bbox 759 615 846 698; x_wconf 72' lang='grc' dir='ltr'><strong>ἔμελ·</strong></span> <span class='ocrx_word' id='word_1_7' title='bbox 878 611 957 678; x_wconf 79' lang='lat' dir='ltr'><strong>latia</strong></span> <span class='ocrx_word' id='word_1_8' title='bbox 979 611 1039 677; x_wconf 84' lang='lat' dir='ltr'>sibi</span> <span class='ocrx_word' id='word_1_9' title='bbox 1061 617 1287 706; x_wconf 53' lang='lat' dir='ltr'><strong>extructurum</strong></span> <span class='ocrx_word' id='word_1_10' title='bbox 1308 629 1482 695; x_wconf 81' lang='lat' dir='ltr'><strong>omnesque</strong></span> 
     </span>
     <span class='ocr_line' id='line_1_3' title="bbox 238 714 1479 798; baseline 0.003 -20"><span class='ocrx_word' id='word_1_11' title='bbox 238 719 289 778; x_wconf 87' lang='grc' dir='ltr'><strong>λεν</strong></span> <span class='ocrx_word' id='word_1_12' title='bbox 318 719 334 778; x_wconf 82' lang='grc' dir='ltr'>ὁ</span> <span class='ocrx_word' id='word_1_13' title='bbox 358 715 447 788; x_wconf 75' lang='grc' dir='ltr'><strong>αὐτὸς</strong></span> <span class='ocrx_word' id='word_1_14' title='bbox 476 715 608 798; x_wconf 85' lang='grc' dir='ltr'><strong>βασιλεὺς</strong></span> <span class='ocrx_word' id='word_1_15' title='bbox 637 714 848 788; x_wconf 85' lang='grc' dir='ltr'><strong>Διοκλητιανὸς</strong></span> <span class='ocrx_word' id='word_1_16' title='bbox 878 715 966 780; x_wconf 80' lang='lat' dir='ltr'>urbis</span> <span class='ocrx_word' id='word_1_17' title='bbox 990 715 1097 794; x_wconf 76' lang='lat' dir='ltr'><strong>eedeS,</strong></span> <span class='ocrx_word' id='word_1_18' title='bbox 1121 732 1218 796; x_wconf 80' lang='lat' dir='ltr'><strong>supra</strong></span> <span class='ocrx_word' id='word_1_19' title='bbox 1233 716 1310 783; x_wconf 77' lang='lat' dir='ltr'>istos</span> <span class='ocrx_word' id='word_1_20' title='bbox 1326 717 1479 784; x_wconf 82' lang='lat' dir='ltr'>rotundos</span> 
     </span>
     <span class='ocr_line' id='line_1_4' title="bbox 238 815 1481 908; baseline 0.002 -26"><span class='ocrx_word' id='word_1_21' title='bbox 238 818 432 905; x_wconf 81' lang='grc' dir='ltr'><strong>είληματικάς</strong></span> <span class='ocrx_word' id='word_1_22' title='bbox 466 819 570 908; x_wconf 84' lang='grc' dir='ltr'><strong>ἑχεῖραι</strong></span> <span class='ocrx_word' id='word_1_23' title='bbox 606 815 758 904; x_wconf 75' lang='grc' dir='ltr'>καμάρας,</span> <span class='ocrx_word' id='word_1_24' title='bbox 797 819 847 880; x_wconf 75' lang='grc' dir='ltr'><strong>καὶ</strong></span> <span class='ocrx_word' id='word_1_25' title='bbox 878 817 1024 896; x_wconf 59' lang='lat' dir='ltr'><strong>fornicem</strong></span> <span class='ocrx_word' id='word_1_26' title='bbox 1049 818 1176 900; x_wconf 81' lang='lat' dir='ltr'><strong>gemina</strong></span> <span class='ocrx_word' id='word_1_27' title='bbox 1197 823 1255 884; x_wconf 80' lang='lat' dir='ltr'><strong>aut</strong></span> <span class='ocrx_word' id='word_1_28' title='bbox 1275 820 1392 902; x_wconf 82' lang='lat' dir='ltr'>triplici</span> <span class='ocrx_word' id='word_1_29' title='bbox 1407 838 1481 885; x_wconf 85' lang='lat' dir='ltr'><strong>eon·</strong></span> 
     </span>
     <span class='ocr_line' id='line_1_5' title="bbox 237 920 1481 1008; baseline 0.005 -23"><span class='ocrx_word' id='word_1_30' title='bbox 237 921 385 986; x_wconf 72' lang='grc' dir='ltr'><strong>σνέπασαι</strong></span> <span class='ocrx_word' id='word_1_31' title='bbox 399 921 436 985; x_wconf 84' lang='grc' dir='ltr'><strong>τὸ</strong></span> <span class='ocrx_word' id='word_1_32' title='bbox 451 920 576 1008; x_wconf 81' lang='grc' dir='ltr'><strong>κάστρον</strong></span> <span class='ocrx_word' id='word_1_33' title='bbox 593 921 672 996; x_wconf 82' lang='grc' dir='ltr'>ὅλον,</span> <span class='ocrx_word' id='word_1_34' title='bbox 695 921 745 984; x_wconf 82' lang='grc' dir='ltr'><strong>καὶ</strong></span> <span class='ocrx_word' id='word_1_35' title='bbox 759 929 846 990; x_wconf 84' lang='grc' dir='ltr'><strong>ποιῆ-</strong></span> <span class='ocrx_word' id='word_1_36' title='bbox 878 921 1102 1002; x_wconf 70' lang='lat' dir='ltr'><strong>(temeratione,</strong></span> <span class='ocrx_word' id='word_1_37' title='bbox 1126 924 1172 987; x_wconf 80' lang='lat' dir='ltr'><strong>ita</strong></span> <span class='ocrx_word' id='word_1_38' title='bbox 1195 932 1315 989; x_wconf 82' lang='lat' dir='ltr'><strong>utnon</strong></span> <span class='ocrx_word' id='word_1_39' title='bbox 1337 925 1481 1008; x_wconf 78' lang='lat' dir='ltr'><strong>exiguam</strong></span> 
     </span>
     <span class='ocr_line' id='line_1_6' title="bbox 237 1022 1482 1108; baseline 0.004 -20"><span class='ocrx_word' id='word_1_40' title='bbox 237 1047 285 1088; x_wconf 88' lang='grc' dir='ltr'><strong>σαι</strong></span> <span class='ocrx_word' id='word_1_41' title='bbox 307 1025 348 1089; x_wconf 81' lang='grc' dir='ltr'><strong>τοὶ</strong></span> <span class='ocrx_word' id='word_1_42' title='bbox 370 1023 507 1089; x_wconf 85' lang='grc' dir='ltr'><strong>παλάτια</strong></span> <span class='ocrx_word' id='word_1_43' title='bbox 538 1027 632 1088; x_wconf 80' lang='grc' dir='ltr'><strong>αὐτοῦ</strong></span> <span class='ocrx_word' id='word_1_44' title='bbox 664 1026 715 1088; x_wconf 84' lang='grc' dir='ltr'><strong>καὶ</strong></span> <span class='ocrx_word' id='word_1_45' title='bbox 743 1022 846 1088; x_wconf 87' lang='grc' dir='ltr'><strong>πάντα</strong></span> <span class='ocrx_word' id='word_1_46' title='bbox 877 1025 964 1091; x_wconf 84' lang='lat' dir='ltr'>urbis</span> <span class='ocrx_word' id='word_1_47' title='bbox 987 1031 1111 1108; x_wconf 77' lang='lat' dir='ltr'><strong>pamem</strong></span> <span class='ocrx_word' id='word_1_48' title='bbox 1136 1026 1322 1107; x_wconf 82' lang='lat' dir='ltr'>cooperiret.</span> <span class='ocrx_word' id='word_1_49' title='bbox 1354 1027 1482 1093; x_wconf 78' lang='lat' dir='ltr'><strong>Moenia</strong></span> 
     </span>
     <span class='ocr_line' id='line_1_7' title="bbox 236 1126 1480 1217; baseline 0.004 -26"><span class='ocrx_word' id='word_1_50' title='bbox 236 1127 278 1191; x_wconf 76' lang='grc' dir='ltr'><strong>τὰ</strong></span> <span class='ocrx_word' id='word_1_51' title='bbox 311 1129 463 1217; x_wconf 79' lang='grc' dir='ltr'><strong>οἰκήματα</strong></span> <span class='ocrx_word' id='word_1_52' title='bbox 498 1139 554 1192; x_wconf 84' lang='grc' dir='ltr'><strong>τοῦ</strong></span> <span class='ocrx_word' id='word_1_53' title='bbox 587 1126 714 1216; x_wconf 82' lang='grc' dir='ltr'><strong>κάστρου</strong></span> <span class='ocrx_word' id='word_1_54' title='bbox 747 1126 848 1193; x_wconf 83' lang='grc' dir='ltr'>ἐπάνω</span> <span class='ocrx_word' id='word_1_55' title='bbox 879 1134 984 1196; x_wconf 82' lang='lat' dir='ltr'><strong>autem</strong></span> <span class='ocrx_word' id='word_1_56' title='bbox 1015 1128 1109 1195; x_wconf 90' lang='lat' dir='ltr'>huius</span> <span class='ocrx_word' id='word_1_57' title='bbox 1144 1130 1231 1196; x_wconf 88' lang='lat' dir='ltr'>urbis</span> <span class='ocrx_word' id='word_1_58' title='bbox 1266 1131 1480 1196; x_wconf 82' lang='lat' dir='ltr'>ambulacrum</span> 
     </span>
     <span class='ocr_line' id='line_1_8' title="bbox 235 1221 1481 1319; baseline 0.005 -25"><span class='ocrx_word' id='word_1_59' title='bbox 235 1241 298 1295; x_wconf 84' lang='grc' dir='ltr'><strong>τῶν</strong></span> <span class='ocrx_word' id='word_1_60' title='bbox 320 1231 491 1319; x_wconf 81' lang='grc' dir='ltr'><strong>εἱλημάτων</strong></span> <span class='ocrx_word' id='word_1_61' title='bbox 514 1232 627 1296; x_wconf 77' lang='grc' dir='ltr'><strong>ἐκείνων</strong></span> <span class='ocrx_word' id='word_1_62' title='bbox 659 1221 778 1319; x_wconf 77' lang='grc' dir='ltr'><strong>διόροφα</strong></span> <span class='ocrx_word' id='word_1_63' title='bbox 800 1235 850 1296; x_wconf 81' lang='grc' dir='ltr'><strong>καὶ</strong></span> <span class='ocrx_word' id='word_1_64' title='bbox 879 1251 943 1306; x_wconf 85' lang='lat' dir='ltr'><strong>nen</strong></span> <span class='ocrx_word' id='word_1_65' title='bbox 962 1233 1092 1313; x_wconf 80' lang='lat' dir='ltr'><strong>habent,</strong></span> <span class='ocrx_word' id='word_1_66' title='bbox 1116 1251 1219 1315; x_wconf 87' lang='lat' dir='ltr'><strong>neque</strong></span> <span class='ocrx_word' id='word_1_67' title='bbox 1234 1236 1481 1317; x_wconf 72' lang='lat' dir='ltr'>propugnacula,</span> 
     </span>
     <span class='ocr_line' id='line_1_9' title="bbox 236 1335 1482 1424; baseline 0.004 -25"><span class='ocrx_word' id='word_1_68' title='bbox 236 1335 392 1424; x_wconf 80' lang='grc' dir='ltr'><strong>τριόροφα,</strong></span> <span class='ocrx_word' id='word_1_69' title='bbox 424 1337 503 1400; x_wconf 86' lang='grc' dir='ltr'><strong>ὥστε</strong></span> <span class='ocrx_word' id='word_1_70' title='bbox 534 1335 576 1423; x_wconf 74' lang='grc' dir='ltr'><strong>μὴ</strong></span> <span class='ocrx_word' id='word_1_71' title='bbox 608 1338 705 1423; x_wconf 81' lang='grc' dir='ltr'><strong>ὀλίγον</strong></span> <span class='ocrx_word' id='word_1_72' title='bbox 735 1338 768 1400; x_wconf 84' lang='grc' dir='ltr'><strong>ἑκ</strong></span> <span class='ocrx_word' id='word_1_73' title='bbox 794 1346 849 1400; x_wconf 83' lang='grc' dir='ltr'><strong>τοῦ</strong></span> <span class='ocrx_word' id='word_1_74' title='bbox 879 1337 935 1404; x_wconf 83' lang='lat' dir='ltr'><strong>sed</strong></span> <span class='ocrx_word' id='word_1_75' title='bbox 965 1336 1117 1406; x_wconf 80' lang='lat' dir='ltr'><strong>sublimes</strong></span> <span class='ocrx_word' id='word_1_76' title='bbox 1147 1343 1271 1403; x_wconf 77' lang='lat' dir='ltr'><strong>tantum</strong></span> <span class='ocrx_word' id='word_1_77' title='bbox 1294 1339 1376 1403; x_wconf 80' lang='lat' dir='ltr'><strong>muri</strong></span> <span class='ocrx_word' id='word_1_78' title='bbox 1398 1346 1482 1424; x_wconf 85' lang='lat' dir='ltr'>sunt,</span> 
     </span>
     <span class='ocr_line' id='line_1_10' title="bbox 238 1431 1550 1536; baseline 0.005 -33"><span class='ocrx_word' id='word_1_79' title='bbox 238 1443 331 1504; x_wconf 81' lang='grc' dir='ltr'><strong>αὐτοῦ</strong></span> <span class='ocrx_word' id='word_1_80' title='bbox 346 1439 475 1527; x_wconf 79' lang='grc' dir='ltr'><strong>κάστρου</strong></span> <span class='ocrx_word' id='word_1_81' title='bbox 490 1440 644 1506; x_wconf 79' lang='grc' dir='ltr'><strong>ἐσκέπαοε.</strong></span> <span class='ocrx_word' id='word_1_82' title='bbox 669 1450 724 1504; x_wconf 88' lang='grc' dir='ltr'><strong>τοῦ</strong></span> <span class='ocrx_word' id='word_1_83' title='bbox 739 1431 772 1504; x_wconf 77' lang='grc' dir='ltr'><strong>δὲ</strong></span> <span class='ocrx_word' id='word_1_84' title='bbox 787 1463 849 1504; x_wconf 89' lang='grc' dir='ltr'><strong>τοι·</strong></span> <span class='ocrx_word' id='word_1_85' title='bbox 879 1441 1042 1523; x_wconf 82' lang='lat' dir='ltr'>inquibus</span> <span class='ocrx_word' id='word_1_86' title='bbox 1062 1439 1223 1508; x_wconf 75' lang='lat' dir='ltr'><strong>fenestrae</strong></span> <span class='ocrx_word' id='word_1_87' title='bbox 1246 1440 1288 1507; x_wconf 82' lang='lat' dir='ltr'><strong>ed</strong></span> <span class='ocrx_word' id='word_1_88' title='bbox 1310 1443 1484 1511; x_wconf 75' lang='lat' dir='ltr'><strong>emittenda</strong></span> <span class='ocrx_word' id='word_1_89' title='bbox 1547 1529 1550 1536; x_wconf 69' lang='lat'>,</span> 
     </span>
     <span class='ocr_line' id='line_1_11' title="bbox 239 1543 990 1632; baseline 0 -25"><span class='ocrx_word' id='word_1_90' title='bbox 239 1543 328 1608; x_wconf 87' lang='grc' dir='ltr'><strong>ούτου</strong></span> <span class='ocrx_word' id='word_1_91' title='bbox 350 1543 478 1632; x_wconf 84' lang='grc' dir='ltr'><strong>κάοτρου</strong></span> <span class='ocrx_word' id='word_1_92' title='bbox 509 1543 546 1607; x_wconf 84' lang='grc' dir='ltr'><strong><em>τό</em></strong></span> <span class='ocrx_word' id='word_1_93' title='bbox 576 1556 673 1631; x_wconf 58' lang='grc' dir='ltr'><strong>τεῦχος</strong></span> <span class='ocrx_word' id='word_1_94' title='bbox 703 1543 773 1608; x_wconf 81' lang='grc' dir='ltr'><strong>οὔτε</strong></span> <span class='ocrx_word' id='word_1_95' title='bbox 794 1565 848 1608; x_wconf 84' lang='grc' dir='ltr'><strong>τε·</strong></span> <span class='ocrx_word' id='word_1_96' title='bbox 878 1543 990 1612; x_wconf 80' lang='lat' dir='ltr'>iacula.</span> 
     </span>
     <span class='ocr_line' id='line_1_12' title="bbox 237 1647 1483 1737; baseline 0.003 -25"><span class='ocrx_word' id='word_1_97' title='bbox 237 1649 359 1735; x_wconf 88' lang='grc' dir='ltr'><strong>ρίπαπον</strong></span> <span class='ocrx_word' id='word_1_98' title='bbox 374 1653 435 1737; x_wconf 72' lang='grc' dir='ltr'><strong>ἔχει</strong></span> <span class='ocrx_word' id='word_1_99' title='bbox 450 1647 519 1712; x_wconf 81' lang='grc' dir='ltr'><strong>οὔτε</strong></span> <span class='ocrx_word' id='word_1_100' title='bbox 543 1657 752 1736; x_wconf 78' lang='grc' dir='ltr'><strong>προμαχῶνας,</strong></span> <span class='ocrx_word' id='word_1_101' title='bbox 767 1647 848 1710; x_wconf 72' lang='grc' dir='ltr'><strong>ἀλλὰ</strong></span> <span class='ocrx_word' id='word_1_102' title='bbox 921 1647 1007 1715; x_wconf 84' lang='lat' dir='ltr'><strong>Urbs</strong></span> <span class='ocrx_word' id='word_1_103' title='bbox 1031 1647 1373 1733; x_wconf 74' lang='lat' dir='ltr'><strong>Tetrangurium⁹‘</strong></span> <span class='ocrx_word' id='word_1_104' title='bbox 1385 1669 1483 1732; x_wconf 74' lang='lat' dir='ltr'><strong>pamla</strong></span> 
     </span>
     <span class='ocr_line' id='line_1_13' title="bbox 238 1749 1482 1841; baseline 0.003 -25"><span class='ocrx_word' id='word_1_105' title='bbox 238 1754 355 1841; x_wconf 84' lang='grc' dir='ltr'><strong>τοίχους</strong></span> <span class='ocrx_word' id='word_1_106' title='bbox 377 1753 481 1840; x_wconf 85' lang='grc' dir='ltr'><strong>μόνους</strong></span> <span class='ocrx_word' id='word_1_107' title='bbox 502 1749 631 1839; x_wconf 78' lang='grc' dir='ltr'><strong>ὑψηλοὺς</strong></span> <span class='ocrx_word' id='word_1_108' title='bbox 657 1754 706 1816; x_wconf 81' lang='grc' dir='ltr'><strong>καί</strong></span> <span class='ocrx_word' id='word_1_109' title='bbox 728 1751 845 1838; x_wconf 76' lang='grc' dir='ltr'><strong>τοξικάς</strong></span> <span class='ocrx_word' id='word_1_110' title='bbox 876 1752 1030 1835; x_wconf 75' lang='lat' dir='ltr'><strong>quaedem</strong></span> <span class='ocrx_word' id='word_1_111' title='bbox 1052 1755 1084 1820; x_wconf 90' lang='lat' dir='ltr'><strong>in</strong></span> <span class='ocrx_word' id='word_1_112' title='bbox 1107 1754 1187 1820; x_wconf 85' lang='lat' dir='ltr'><strong>mari</strong></span> <span class='ocrx_word' id='word_1_113' title='bbox 1209 1753 1314 1822; x_wconf 81' lang='lat' dir='ltr'><strong>insula</strong></span> <span class='ocrx_word' id='word_1_114' title='bbox 1337 1759 1395 1837; x_wconf 74' lang='lat' dir='ltr'><strong>est,</strong></span> <span class='ocrx_word' id='word_1_115' title='bbox 1427 1774 1482 1821; x_wconf 81' lang='lat' dir='ltr'><strong>an·</strong></span> 
     </span>
     <span class='ocr_line' id='line_1_14' title="bbox 238 1857 1482 1946; baseline 0.003 -26"><span class='ocrx_word' id='word_1_116' title='bbox 238 1857 452 1946; x_wconf 82' lang='grc' dir='ltr'><strong>ρωταχωχούς.</strong></span> <span class='ocrx_word' id='word_1_117' title='bbox 875 1857 1058 1939; x_wconf 79' lang='lat' dir='ltr'><strong>gustissima</strong></span> <span class='ocrx_word' id='word_1_118' title='bbox 1080 1858 1219 1938; x_wconf 81' lang='lat' dir='ltr'><strong>cervice,</strong></span> <span class='ocrx_word' id='word_1_119' title='bbox 1251 1859 1403 1940; x_wconf 82' lang='lat' dir='ltr'>ponticuli</span> <span class='ocrx_word' id='word_1_120' title='bbox 1434 1859 1482 1924; x_wconf 89' lang='lat' dir='ltr'><strong>in-</strong></span> 
     </span>
     <span class='ocr_line' id='line_1_15' title="bbox 280 1957 1482 2049; baseline 0.003 -24"><span class='ocrx_word' id='word_1_121' title='bbox 280 1959 358 2026; x_wconf 86' lang='grc' dir='ltr'><strong>Ὅτι</strong></span> <span class='ocrx_word' id='word_1_122' title='bbox 369 1961 406 2025; x_wconf 83' lang='grc' dir='ltr'><strong>πό</strong></span> <span class='ocrx_word' id='word_1_123' title='bbox 418 1960 544 2048; x_wconf 84' lang='grc' dir='ltr'><strong>κάοπρον</strong></span> <span class='ocrx_word' id='word_1_124' title='bbox 559 1960 596 2024; x_wconf 79' lang='grc' dir='ltr'><strong>τὰ</strong></span> <span class='ocrx_word' id='word_1_125' title='bbox 611 1957 850 2048; x_wconf 82' lang='grc' dir='ltr'><strong>Τατραγχοίι-</strong></span> <span class='ocrx_word' id='word_1_126' title='bbox 881 1967 957 2042; x_wconf 79' lang='lat' dir='ltr'><strong>star,</strong></span> <span class='ocrx_word' id='word_1_127' title='bbox 981 1961 1022 2026; x_wconf 86' lang='lat' dir='ltr'><strong>ad</strong></span> <span class='ocrx_word' id='word_1_128' title='bbox 1041 1966 1160 2028; x_wconf 78' lang='lat' dir='ltr'><strong>terram</strong></span> <span class='ocrx_word' id='word_1_129' title='bbox 1176 1980 1277 2044; x_wconf 83' lang='lat' dir='ltr'><strong>usque</strong></span> <span class='ocrx_word' id='word_1_130' title='bbox 1292 1961 1482 2049; x_wconf 58' lang='lat' dir='ltr'><strong>porrectae,</strong></span> 
     </span>
     <span class='ocr_line' id='line_1_16' title="bbox 238 2065 1481 2155; baseline 0.003 -27"><span class='ocrx_word' id='word_1_131' title='bbox 238 2089 291 2153; x_wconf 85' lang='grc' dir='ltr'><strong>ριν</strong></span> <span class='ocrx_word' id='word_1_132' title='bbox 318 2065 417 2155; x_wconf 76' lang='grc' dir='ltr'><strong>μιαρόν</strong></span> <span class='ocrx_word' id='word_1_133' title='bbox 447 2067 510 2130; x_wconf 82' lang='grc' dir='ltr'><strong>ἐστι</strong></span> <span class='ocrx_word' id='word_1_134' title='bbox 539 2066 635 2136; x_wconf 85' lang='grc' dir='ltr'><strong>νησίον</strong></span> <span class='ocrx_word' id='word_1_135' title='bbox 666 2065 696 2128; x_wconf 84' lang='grc' dir='ltr'><strong>ἐν</strong></span> <span class='ocrx_word' id='word_1_136' title='bbox 726 2073 768 2148; x_wconf 71' lang='grc' dir='ltr'><strong>τῇ</strong></span> <span class='ocrx_word' id='word_1_137' title='bbox 789 2065 850 2128; x_wconf 81' lang='grc' dir='ltr'><strong>θα·</strong></span> <span class='ocrx_word' id='word_1_138' title='bbox 880 2082 944 2146; x_wconf 83' lang='lat' dir='ltr'><strong>qua</strong></span> <span class='ocrx_word' id='word_1_139' title='bbox 955 2065 996 2132; x_wconf 83' lang='lat' dir='ltr'><strong>ad</strong></span> <span class='ocrx_word' id='word_1_140' title='bbox 1007 2065 1158 2150; x_wconf 87' lang='lat' dir='ltr'><strong>oppidum</strong></span> <span class='ocrx_word' id='word_1_141' title='bbox 1173 2071 1341 2132; x_wconf 78' lang='lat' dir='ltr'><strong>transeunt</strong></span> <span class='ocrx_word' id='word_1_142' title='bbox 1350 2065 1481 2132; x_wconf 83' lang='lat' dir='ltr'><strong>incolae.</strong></span> 
     </span>
     <span class='ocr_line' id='line_1_17' title="bbox 238 2167 1483 2256; baseline 0.002 -25"><span class='ocrx_word' id='word_1_143' title='bbox 238 2171 351 2254; x_wconf 80' lang='grc' dir='ltr'><strong>λαοπρ,</strong></span> <span class='ocrx_word' id='word_1_144' title='bbox 379 2175 448 2256; x_wconf 76' lang='grc' dir='ltr'><strong>εχον</strong></span> <span class='ocrx_word' id='word_1_145' title='bbox 470 2170 520 2232; x_wconf 80' lang='grc' dir='ltr'><strong>καὶ</strong></span> <span class='ocrx_word' id='word_1_146' title='bbox 542 2167 692 2256; x_wconf 73' lang='grc' dir='ltr'><strong>τράχηλον</strong></span> <span class='ocrx_word' id='word_1_147' title='bbox 718 2167 772 2242; x_wconf 81' lang='grc' dir='ltr'><strong>ἕως</strong></span> <span class='ocrx_word' id='word_1_148' title='bbox 794 2176 849 2241; x_wconf 76' lang='grc' dir='ltr'><strong>τῆς</strong></span> <span class='ocrx_word' id='word_1_149' title='bbox 879 2168 1124 2253; x_wconf 79' lang='lat' dir='ltr'><strong>Tetrangurium</strong></span> <span class='ocrx_word' id='word_1_150' title='bbox 1146 2175 1253 2237; x_wconf 78' lang='lat' dir='ltr'><strong>autem</strong></span> <span class='ocrx_word' id='word_1_151' title='bbox 1268 2171 1343 2237; x_wconf 81' lang='lat' dir='ltr'>urbs</span> <span class='ocrx_word' id='word_1_152' title='bbox 1358 2169 1414 2235; x_wconf 83' lang='lat' dir='ltr'><strong>illa</strong></span> <span class='ocrx_word' id='word_1_153' title='bbox 1428 2187 1483 2234; x_wconf 87' lang='lat' dir='ltr'><strong>vo·</strong></span> 
     </span>
     <span class='ocr_line' id='line_1_18' title="bbox 236 2263 1482 2362; baseline 0.002 -27"><span class='ocrx_word' id='word_1_154' title='bbox 236 2281 291 2360; x_wconf 75' lang='grc' dir='ltr'><strong>γῆς</strong></span> <span class='ocrx_word' id='word_1_155' title='bbox 325 2273 515 2336; x_wconf 82' lang='grc' dir='ltr'><strong>στενώτατον</strong></span> <span class='ocrx_word' id='word_1_156' title='bbox 551 2263 634 2343; x_wconf 72' lang='grc' dir='ltr'><strong>δίκην</strong></span> <span class='ocrx_word' id='word_1_157' title='bbox 671 2270 847 2362; x_wconf 71' lang='grc' dir='ltr'><strong>χεφυρίου”,</strong></span> <span class='ocrx_word' id='word_1_158' title='bbox 878 2277 986 2355; x_wconf 79' lang='lat' dir='ltr'><strong>cetur,</strong></span> <span class='ocrx_word' id='word_1_159' title='bbox 1016 2274 1102 2356; x_wconf 88' lang='lat' dir='ltr'><strong>qued</strong></span> <span class='ocrx_word' id='word_1_160' title='bbox 1123 2291 1221 2355; x_wconf 80' lang='lat' dir='ltr'>parva</span> <span class='ocrx_word' id='word_1_161' title='bbox 1243 2274 1285 2350; x_wconf 73' lang='lat' dir='ltr'><strong>eit</strong></span> <span class='ocrx_word' id='word_1_162' title='bbox 1306 2273 1405 2340; x_wconf 82' lang='lat' dir='ltr'><strong>veluti</strong></span> <span class='ocrx_word' id='word_1_163' title='bbox 1428 2291 1482 2340; x_wconf 84' lang='lat' dir='ltr'><strong>cu-</strong></span> 
     </span>
     <span class='ocr_line' id='line_1_19' title="bbox 237 2366 1481 2463; baseline 0.002 -24"><span class='ocrx_word' id='word_1_164' title='bbox 237 2377 268 2439; x_wconf 86' lang='grc' dir='ltr'><strong>ἐν</strong></span> <span class='ocrx_word' id='word_1_165' title='bbox 289 2369 315 2458; x_wconf 79' lang='grc' dir='ltr'>ᾧ</span> <span class='ocrx_word' id='word_1_166' title='bbox 337 2366 500 2463; x_wconf 75' lang='grc' dir='ltr'><strong>διέρχονται</strong></span> <span class='ocrx_word' id='word_1_167' title='bbox 529 2380 556 2439; x_wconf 85' lang='grc' dir='ltr'><strong>οί</strong></span> <span class='ocrx_word' id='word_1_168' title='bbox 577 2385 783 2450; x_wconf 79' lang='grc' dir='ltr'><strong>κατοικοῦντες</strong></span> <span class='ocrx_word' id='word_1_169' title='bbox 806 2381 846 2450; x_wconf 83' lang='grc' dir='ltr'><strong>εἰς</strong></span> <span class='ocrx_word' id='word_1_170' title='bbox 876 2394 993 2443; x_wconf 80' lang='lat' dir='ltr'><strong>eumer.</strong></span> <span class='ocrx_word' id='word_1_171' title='bbox 1025 2378 1063 2442; x_wconf 90' lang='lat' dir='ltr'><strong>ln</strong></span> <span class='ocrx_word' id='word_1_172' title='bbox 1089 2378 1201 2444; x_wconf 83' lang='lat' dir='ltr'><strong>eadem</strong></span> <span class='ocrx_word' id='word_1_173' title='bbox 1225 2396 1301 2444; x_wconf 85' lang='lat' dir='ltr'><strong>vero</strong></span> <span class='ocrx_word' id='word_1_174' title='bbox 1323 2378 1403 2443; x_wconf 82' lang='lat' dir='ltr'><strong>urbe</strong></span> <span class='ocrx_word' id='word_1_175' title='bbox 1427 2377 1481 2442; x_wconf 89' lang='lat' dir='ltr'><strong>de-</strong></span> 
     </span>
     <span class='ocr_line' id='line_1_20' title="bbox 237 2467 1482 2569; baseline 0.002 -27"><span class='ocrx_word' id='word_1_176' title='bbox 237 2480 275 2542; x_wconf 83' lang='grc' dir='ltr'>τό</span> <span class='ocrx_word' id='word_1_177' title='bbox 298 2481 373 2543; x_wconf 80' lang='grc' dir='ltr'><strong>αὐτὸ</strong></span> <span class='ocrx_word' id='word_1_178' title='bbox 402 2479 538 2568; x_wconf 84' lang='grc' dir='ltr'><strong>κοίοτρον.</strong></span> <span class='ocrx_word' id='word_1_179' title='bbox 570 2479 785 2569; x_wconf 82' lang='grc' dir='ltr'><strong>Τετραχγούριν</strong></span> <span class='ocrx_word' id='word_1_180' title='bbox 815 2470 848 2544; x_wconf 80' lang='grc' dir='ltr'><strong>δὲ</strong></span> <span class='ocrx_word' id='word_1_181' title='bbox 877 2481 1000 2563; x_wconf 85' lang='lat' dir='ltr'><strong>positus</strong></span> <span class='ocrx_word' id='word_1_182' title='bbox 1023 2480 1083 2546; x_wconf 83' lang='lat' dir='ltr'><strong>fuit</strong></span> <span class='ocrx_word' id='word_1_183' title='bbox 1105 2500 1130 2547; x_wconf 82' lang='lat' dir='ltr'><strong>s.</strong></span> <span class='ocrx_word' id='word_1_184' title='bbox 1155 2487 1275 2565; x_wconf 80' lang='lat' dir='ltr'>martyr</span> <span class='ocrx_word' id='word_1_185' title='bbox 1288 2467 1482 2547; x_wconf 47' lang='lat' dir='ltr'><strong>&#39;Laurentius</strong></span> 
     </span>
     <span class='ocr_line' id='line_1_21' title="bbox 237 2575 1127 2673; baseline 0.003 -26"><span class='ocrx_word' id='word_1_186' title='bbox 237 2587 373 2647; x_wconf 83' lang='grc' dir='ltr'><strong>καλεῖται</strong></span> <span class='ocrx_word' id='word_1_187' title='bbox 403 2575 452 2648; x_wconf 74' lang='grc' dir='ltr'><strong>διὰ</strong></span> <span class='ocrx_word' id='word_1_188' title='bbox 480 2585 518 2648; x_wconf 82' lang='grc' dir='ltr'><strong>τὰ</strong></span> <span class='ocrx_word' id='word_1_189' title='bbox 546 2582 617 2648; x_wconf 83' lang='grc' dir='ltr'><strong>εἶναι</strong></span> <span class='ocrx_word' id='word_1_190' title='bbox 646 2585 721 2649; x_wconf 76' lang='grc' dir='ltr'><strong>αὐτὰ</strong></span> <span class='ocrx_word' id='word_1_191' title='bbox 750 2583 848 2673; x_wconf 73' lang='grc' dir='ltr'><strong>μακρὰν</strong></span> <span class='ocrx_word' id='word_1_192' title='bbox 877 2584 1127 2651; x_wconf 78' lang='lat' dir='ltr'><strong>archidiacenus,</strong></span> 
     </span>
     <span class='ocr_line' id='line_1_22' title="bbox 238 2679 1479 2777; baseline 0.004 -25"><span class='ocrx_word' id='word_1_193' title='bbox 238 2679 321 2760; x_wconf 76' lang='grc' dir='ltr'><strong>δίκην</strong></span> <span class='ocrx_word' id='word_1_194' title='bbox 358 2689 521 2777; x_wconf 85' lang='grc' dir='ltr'><strong>ἀχχοωρίοω.</strong></span> <span class='ocrx_word' id='word_1_195' title='bbox 557 2691 586 2753; x_wconf 82' lang='grc' dir='ltr'><strong>ὲν</strong></span> <span class='ocrx_word' id='word_1_196' title='bbox 620 2680 653 2754; x_wconf 77' lang='grc' dir='ltr'><strong>δὲ</strong></span> <span class='ocrx_word' id='word_1_197' title='bbox 686 2699 731 2774; x_wconf 80' lang='grc' dir='ltr'><strong>τῷ</strong></span> <span class='ocrx_word' id='word_1_198' title='bbox 764 2691 848 2772; x_wconf 82' lang='grc' dir='ltr'><strong>αὐτῷ</strong></span> <span class='ocrx_word' id='word_1_199' title='bbox 921 2689 1009 2756; x_wconf 86' lang='lat' dir='ltr'><strong>Urbs</strong></span> <span class='ocrx_word' id='word_1_200' title='bbox 1032 2689 1276 2756; x_wconf 63' lang='grc' dir='ltr'><strong>Ιλοοωίοεοπ</strong></span> <span class='ocrx_word' id='word_1_201' title='bbox 1296 2689 1479 2773; x_wconf 76' lang='lat' dir='ltr'>linguasso·</span> 
     </span>
     <span class='ocr_line' id='line_1_23' title="bbox 238 2792 1482 2882; baseline 0.002 -26"><span class='ocrx_word' id='word_1_202' title='bbox 238 2792 358 2881; x_wconf 80' lang='grc' dir='ltr'><strong>πάοπρῳ</strong></span> <span class='ocrx_word' id='word_1_203' title='bbox 391 2794 548 2858; x_wconf 79' lang='grc' dir='ltr'><strong>ἀπίκαται</strong></span> <span class='ocrx_word' id='word_1_204' title='bbox 579 2799 594 2857; x_wconf 85' lang='grc' dir='ltr'><strong>ο</strong></span> <span class='ocrx_word' id='word_1_205' title='bbox 625 2795 706 2882; x_wconf 82' lang='grc' dir='ltr'><strong>ἅγιος</strong></span> <span class='ocrx_word' id='word_1_206' title='bbox 740 2793 850 2881; x_wconf 78' lang='grc' dir='ltr'><strong>μοίρτορ</strong></span> <span class='ocrx_word' id='word_1_207' title='bbox 879 2813 1042 2860; x_wconf 82' lang='lat' dir='ltr'><strong>manorum</strong></span> <span class='ocrx_word' id='word_1_208' title='bbox 1081 2793 1237 2878; x_wconf 81' lang='lat' dir='ltr'><strong>significat</strong></span> <span class='ocrx_word' id='word_1_209' title='bbox 1279 2799 1482 2876; x_wconf 78' lang='lat' dir='ltr'><strong>angustatum</strong></span> 
     </span>
     <span class='ocr_line' id='line_1_24' title="bbox 240 2889 1480 2986; baseline 0.002 -26"><span class='ocrx_word' id='word_1_210' title='bbox 240 2897 418 2985; x_wconf 81' lang='grc' dir='ltr'><strong>Ααορένπιος</strong></span> <span class='ocrx_word' id='word_1_211' title='bbox 440 2901 456 2962; x_wconf 79' lang='grc' dir='ltr'><strong>ο</strong></span> <span class='ocrx_word' id='word_1_212' title='bbox 479 2889 661 2986; x_wconf 74' lang='grc' dir='ltr'><strong>ἀρχιδωίκων.</strong></span> <span class='ocrx_word' id='word_1_213' title='bbox 877 2904 911 2964; x_wconf 82' lang='lat' dir='ltr'><strong>et</strong></span> <span class='ocrx_word' id='word_1_214' title='bbox 933 2915 1131 2981; x_wconf 82' lang='lat' dir='ltr'><strong>percussum,</strong></span> <span class='ocrx_word' id='word_1_215' title='bbox 1155 2897 1303 2979; x_wconf 79' lang='lat' dir='ltr'><strong>quoniam</strong></span> <span class='ocrx_word' id='word_1_216' title='bbox 1324 2916 1412 2964; x_wconf 79' lang='lat' dir='ltr'><strong>mare</strong></span> <span class='ocrx_word' id='word_1_217' title='bbox 1434 2898 1480 2962; x_wconf 87' lang='lat' dir='ltr'><strong>in-</strong></span> 
     </span>
     <span class='ocr_line' id='line_1_25' title="bbox 283 2998 1481 3088; baseline 0.001 -24"><span class='ocrx_word' id='word_1_218' title='bbox 283 2998 360 3065; x_wconf 68' lang='grc' dir='ltr'><strong>Ὀτι</strong></span> <span class='ocrx_word' id='word_1_219' title='bbox 381 3001 419 3065; x_wconf 79' lang='grc' dir='ltr'><strong>τὰ</strong></span> <span class='ocrx_word' id='word_1_220' title='bbox 442 3002 567 3088; x_wconf 65' lang='grc' dir='ltr'><strong>γάστρων</strong></span> <span class='ocrx_word' id='word_1_221' title='bbox 588 3011 650 3064; x_wconf 83' lang='grc' dir='ltr'><strong>τῶν</strong></span> <span class='ocrx_word' id='word_1_222' title='bbox 676 3000 845 3065; x_wconf 83' lang='grc' dir='ltr'><strong>Δεκατέ-</strong></span> <span class='ocrx_word' id='word_1_223' title='bbox 876 3002 1021 3084; x_wconf 80' lang='lat' dir='ltr'><strong>greditur</strong></span> <span class='ocrx_word' id='word_1_224' title='bbox 1043 3007 1193 3084; x_wconf 80' lang='lat' dir='ltr'>tanquam</span> <span class='ocrx_word' id='word_1_225' title='bbox 1216 3003 1323 3086; x_wconf 83' lang='lat' dir='ltr'><strong>lingue</strong></span> <span class='ocrx_word' id='word_1_226' title='bbox 1343 3020 1481 3083; x_wconf 78' lang='lat' dir='ltr'>coangu-</span> 
     </span>
     <span class='ocr_line' id='line_1_26' title="bbox 240 3097 1483 3196; baseline 0.002 -27"><span class='ocrx_word' id='word_1_227' title='bbox 240 3108 344 3196; x_wconf 71' lang='lat' dir='ltr'><strong>pmv⁹⁰</strong></span> <span class='ocrx_word' id='word_1_228' title='bbox 364 3106 550 3194; x_wconf 81' lang='grc' dir='ltr'><strong>ἑρμηνεύεται</strong></span> <span class='ocrx_word' id='word_1_229' title='bbox 565 3116 606 3178; x_wconf 80' lang='grc' dir='ltr'><strong>τῆ</strong></span> <span class='ocrx_word' id='word_1_230' title='bbox 620 3104 772 3192; x_wconf 87' lang='grc' dir='ltr'><strong>Ῥωμαίων</strong></span> <span class='ocrx_word' id='word_1_231' title='bbox 788 3097 850 3170; x_wconf 77' lang='grc' dir='ltr'><strong>δια-</strong></span> <span class='ocrx_word' id='word_1_232' title='bbox 880 3113 966 3173; x_wconf 78' lang='lat' dir='ltr'><strong>stata</strong></span> <span class='ocrx_word' id='word_1_233' title='bbox 1011 3107 1052 3171; x_wconf 82' lang='lat' dir='ltr'><strong>ed</strong></span> <span class='ocrx_word' id='word_1_234' title='bbox 1095 3107 1273 3188; x_wconf 82' lang='lat' dir='ltr'><strong>quindecim</strong></span> <span class='ocrx_word' id='word_1_235' title='bbox 1309 3107 1403 3172; x_wconf 89' lang='lat' dir='ltr'><strong>immo</strong></span> <span class='ocrx_word' id='word_1_236' title='bbox 1441 3107 1483 3172; x_wconf 82' lang='lat' dir='ltr'><strong>ed</strong></span> 
     </span>
     <span class='ocr_line' id='line_1_27' title="bbox 238 3207 1481 3300; baseline 0 -26"><span class='ocrx_word' id='word_1_237' title='bbox 238 3209 338 3292; x_wconf 75' lang='grc' dir='ltr'><strong>λὲκπῳ</strong></span> <span class='ocrx_word' id='word_1_238' title='bbox 354 3209 548 3297; x_wconf 72' lang='grc' dir='ltr'><strong>ἐστενωμένον</strong></span> <span class='ocrx_word' id='word_1_239' title='bbox 567 3211 617 3274; x_wconf 75' lang='grc' dir='ltr'><strong>καὶ</strong></span> <span class='ocrx_word' id='word_1_240' title='bbox 631 3207 849 3300; x_wconf 77' lang='grc' dir='ltr'><strong>πεπληγμένον,</strong></span> <span class='ocrx_word' id='word_1_241' title='bbox 880 3210 1005 3293; x_wconf 49' lang='lat' dir='ltr'><strong>viginti¹</strong></span> <span class='ocrx_word' id='word_1_242' title='bbox 1029 3228 1129 3293; x_wconf 85' lang='lat' dir='ltr'><strong>usque</strong></span> <span class='ocrx_word' id='word_1_243' title='bbox 1177 3210 1276 3275; x_wconf 79' lang='lat' dir='ltr'><strong>millia</strong></span> <span class='ocrx_word' id='word_1_244' title='bbox 1319 3229 1481 3292; x_wconf 79' lang='lat' dir='ltr'><strong>passuum.</strong></span> 
     </span>
     <span class='ocr_line' id='line_1_28' title="bbox 241 3305 1482 3403; baseline 0.002 -26"><span class='ocrx_word' id='word_1_245' title='bbox 241 3305 316 3377; x_wconf 75' lang='grc' dir='ltr'><strong>δίοτι</strong></span> <span class='ocrx_word' id='word_1_246' title='bbox 346 3314 507 3403; x_wconf 76' lang='grc' dir='ltr'><strong>εἰσέρχεται</strong></span> <span class='ocrx_word' id='word_1_247' title='bbox 536 3313 721 3385; x_wconf 78' lang='grc' dir='ltr'><strong>ἠθάλασσα</strong></span> <span class='ocrx_word' id='word_1_248' title='bbox 751 3315 848 3402; x_wconf 84' lang='grc' dir='ltr'><strong>ὥσπερ</strong></span> <span class='ocrx_word' id='word_1_249' title='bbox 877 3316 1001 3397; x_wconf 84' lang='lat' dir='ltr'><strong>Estque</strong></span> <span class='ocrx_word' id='word_1_250' title='bbox 1031 3315 1108 3381; x_wconf 82' lang='lat' dir='ltr'>urbs</span> <span class='ocrx_word' id='word_1_251' title='bbox 1140 3313 1194 3379; x_wconf 80' lang='lat' dir='ltr'>illa</span> <span class='ocrx_word' id='word_1_252' title='bbox 1222 3315 1284 3380; x_wconf 82' lang='lat' dir='ltr'><strong>sita</strong></span> <span class='ocrx_word' id='word_1_253' title='bbox 1312 3315 1354 3380; x_wconf 83' lang='lat' dir='ltr'><strong>ed</strong></span> <span class='ocrx_word' id='word_1_254' title='bbox 1384 3315 1482 3380; x_wconf 82' lang='lat' dir='ltr'><strong>meris</strong></span> 
     </span>
     <span class='ocr_line' id='line_1_29' title="bbox 239 3410 1483 3507; baseline 0.002 -27"><span class='ocrx_word' id='word_1_255' title='bbox 239 3422 363 3507; x_wconf 78' lang='grc' dir='ltr'><strong>γλῶσσα</strong></span> <span class='ocrx_word' id='word_1_256' title='bbox 385 3417 566 3506; x_wconf 80' lang='grc' dir='ltr'><strong>ἐστενωμένη</strong></span> <span class='ocrx_word' id='word_1_257' title='bbox 586 3417 669 3505; x_wconf 84' lang='grc' dir='ltr'><strong>μέχρι</strong></span> <span class='ocrx_word' id='word_1_258' title='bbox 683 3427 744 3480; x_wconf 88' lang='grc' dir='ltr'><strong>τῶν</strong></span> <span class='ocrx_word' id='word_1_259' title='bbox 760 3410 849 3481; x_wconf 76' lang='grc' dir='ltr'><strong>δεκα-</strong></span> <span class='ocrx_word' id='word_1_260' title='bbox 879 3419 1153 3500; x_wconf 85' lang='lat' dir='ltr'><strong>complementum.</strong></span> <span class='ocrx_word' id='word_1_261' title='bbox 1186 3417 1294 3484; x_wconf 81' lang='lat' dir='ltr'><strong>Habet</strong></span> <span class='ocrx_word' id='word_1_262' title='bbox 1324 3436 1399 3483; x_wconf 87' lang='lat' dir='ltr'><strong>vere</strong></span> <span class='ocrx_word' id='word_1_263' title='bbox 1423 3420 1483 3484; x_wconf 87' lang='lat' dir='ltr'><strong>eir-</strong></span> 
     </span>
     <span class='ocr_line' id='line_1_30' title="bbox 240 3520 1481 3609; baseline 0.004 -25"><span class='ocrx_word' id='word_1_264' title='bbox 240 3520 331 3585; x_wconf 81' lang='grc' dir='ltr'><strong>πέντε</strong></span> <span class='ocrx_word' id='word_1_265' title='bbox 352 3525 402 3585; x_wconf 76' lang='grc' dir='ltr'><strong>καὶ</strong></span> <span class='ocrx_word' id='word_1_266' title='bbox 424 3527 513 3586; x_wconf 75' lang='grc' dir='ltr'><strong>εἰκοσι</strong></span> <span class='ocrx_word' id='word_1_267' title='bbox 535 3522 652 3609; x_wconf 81' lang='grc' dir='ltr'><strong>μιλίων,</strong></span> <span class='ocrx_word' id='word_1_268' title='bbox 679 3525 730 3585; x_wconf 82' lang='grc' dir='ltr'><strong>καὶ</strong></span> <span class='ocrx_word' id='word_1_269' title='bbox 752 3528 789 3596; x_wconf 82' lang='grc' dir='ltr'><strong>εἰς</strong></span> <span class='ocrx_word' id='word_1_270' title='bbox 811 3521 848 3585; x_wconf 81' lang='grc' dir='ltr'><strong>τὰ</strong></span> <span class='ocrx_word' id='word_1_271' title='bbox 880 3541 949 3588; x_wconf 81' lang='lat' dir='ltr'><strong>eum</strong></span> <span class='ocrx_word' id='word_1_272' title='bbox 974 3541 1010 3589; x_wconf 84' lang='lat' dir='ltr'><strong>se</strong></span> <span class='ocrx_word' id='word_1_273' title='bbox 1042 3523 1117 3588; x_wconf 85' lang='lat' dir='ltr'>urbs</span> <span class='ocrx_word' id='word_1_274' title='bbox 1147 3523 1203 3587; x_wconf 85' lang='lat' dir='ltr'>illa</span> <span class='ocrx_word' id='word_1_275' title='bbox 1232 3529 1356 3590; x_wconf 84' lang='lat' dir='ltr'><strong>montes</strong></span> <span class='ocrx_word' id='word_1_276' title='bbox 1391 3525 1481 3604; x_wconf 78' lang='lat' dir='ltr'><strong>altoS,</strong></span> 
     </span>
     <span class='ocr_line' id='line_1_31' title="bbox 240 3624 1482 3713; baseline 0.002 -25"><span class='ocrx_word' id='word_1_277' title='bbox 240 3635 296 3699; x_wconf 82' lang='grc' dir='ltr'><strong>τῆς</strong></span> <span class='ocrx_word' id='word_1_278' title='bbox 317 3625 475 3699; x_wconf 73' lang='grc' dir='ltr'><strong>θαλάσσης</strong></span> <span class='ocrx_word' id='word_1_279' title='bbox 496 3624 702 3713; x_wconf 69' lang='grc' dir='ltr'><strong>συμπλήρωμα</strong></span> <span class='ocrx_word' id='word_1_280' title='bbox 725 3627 787 3689; x_wconf 82' lang='grc' dir='ltr'><strong>ἐστι</strong></span> <span class='ocrx_word' id='word_1_281' title='bbox 813 3625 850 3689; x_wconf 76' lang='grc' dir='ltr'><strong>τὸ</strong></span> <span class='ocrx_word' id='word_1_282' title='bbox 880 3629 925 3693; x_wconf 78' lang='lat' dir='ltr'><strong>ita</strong></span> <span class='ocrx_word' id='word_1_283' title='bbox 936 3633 973 3692; x_wconf 81' lang='lat' dir='ltr'><strong>ut</strong></span> <span class='ocrx_word' id='word_1_284' title='bbox 984 3631 1107 3693; x_wconf 73' lang='lat' dir='ltr'><strong>aestate</strong></span> <span class='ocrx_word' id='word_1_285' title='bbox 1120 3633 1241 3692; x_wconf 79' lang='lat' dir='ltr'><strong>tentum</strong></span> <span class='ocrx_word' id='word_1_286' title='bbox 1254 3626 1354 3694; x_wconf 85' lang='lat' dir='ltr'><strong>selem</strong></span> <span class='ocrx_word' id='word_1_287' title='bbox 1367 3628 1482 3706; x_wconf 81' lang='lat' dir='ltr'><strong>videet,</strong></span> 
     </span>
     <span class='ocr_line' id='line_1_32' title="bbox 241 3721 1482 3817; baseline 0.005 -25"><span class='ocrx_word' id='word_1_288' title='bbox 241 3729 378 3817; x_wconf 79' lang='grc' dir='ltr'><strong>κάστρον.</strong></span> <span class='ocrx_word' id='word_1_289' title='bbox 401 3735 462 3817; x_wconf 78' lang='grc' dir='ltr'><strong>ἔχει</strong></span> <span class='ocrx_word' id='word_1_290' title='bbox 477 3721 510 3793; x_wconf 76' lang='grc' dir='ltr'><strong>δὲ</strong></span> <span class='ocrx_word' id='word_1_291' title='bbox 525 3731 562 3794; x_wconf 80' lang='grc' dir='ltr'><strong>τὰ</strong></span> <span class='ocrx_word' id='word_1_292' title='bbox 576 3739 710 3794; x_wconf 84' lang='grc' dir='ltr'><strong>τοιοῦτον</strong></span> <span class='ocrx_word' id='word_1_293' title='bbox 724 3729 850 3817; x_wconf 82' lang='grc' dir='ltr'><strong>κάοτρον</strong></span> <span class='ocrx_word' id='word_1_294' title='bbox 881 3734 967 3813; x_wconf 88' lang='lat' dir='ltr'><strong>qued</strong></span> <span class='ocrx_word' id='word_1_295' title='bbox 1001 3739 1076 3798; x_wconf 84' lang='lat' dir='ltr'>tunc</span> <span class='ocrx_word' id='word_1_296' title='bbox 1109 3733 1141 3797; x_wconf 87' lang='lat' dir='ltr'><strong>in</strong></span> <span class='ocrx_word' id='word_1_297' title='bbox 1175 3733 1279 3799; x_wconf 88' lang='lat' dir='ltr'><strong>medie</strong></span> <span class='ocrx_word' id='word_1_298' title='bbox 1318 3733 1395 3800; x_wconf 79' lang='lat' dir='ltr'><strong>caeli</strong></span> <span class='ocrx_word' id='word_1_299' title='bbox 1431 3734 1482 3813; x_wconf 81' lang='lat' dir='ltr'>sit,</span> 
     </span>
     <span class='ocr_line' id='line_1_33' title="bbox 241 3831 1483 3922; baseline 0.004 -26"><span class='ocrx_word' id='word_1_300' title='bbox 241 3833 350 3898; x_wconf 71' lang='grc' dir='ltr'><strong>κύκλον</strong></span> <span class='ocrx_word' id='word_1_301' title='bbox 370 3836 462 3897; x_wconf 76' lang='grc' dir='ltr'><strong>αὐτοῦ</strong></span> <span class='ocrx_word' id='word_1_302' title='bbox 477 3833 529 3916; x_wconf 80' lang='grc' dir='ltr'><strong>ὅρη</strong></span> <span class='ocrx_word' id='word_1_303' title='bbox 550 3831 660 3921; x_wconf 52' lang='lat' dir='ltr'><strong>emm,</strong></span> <span class='ocrx_word' id='word_1_304' title='bbox 678 3836 756 3898; x_wconf 77' lang='grc' dir='ltr'><strong>ὥστε</strong></span> <span class='ocrx_word' id='word_1_305' title='bbox 772 3835 850 3922; x_wconf 86' lang='grc' dir='ltr'><strong>μόνῳ</strong></span> <span class='ocrx_word' id='word_1_306' title='bbox 880 3836 985 3903; x_wconf 86' lang='lat' dir='ltr'><strong>hieme</strong></span> <span class='ocrx_word' id='word_1_307' title='bbox 1007 3854 1084 3902; x_wconf 82' lang='lat' dir='ltr'><strong>vero</strong></span> <span class='ocrx_word' id='word_1_308' title='bbox 1108 3855 1277 3919; x_wconf 84' lang='lat' dir='ltr'><strong>nunquam.</strong></span> <span class='ocrx_word' id='word_1_309' title='bbox 1300 3837 1337 3902; x_wconf 91' lang='lat' dir='ltr'><strong>In</strong></span> <span class='ocrx_word' id='word_1_310' title='bbox 1352 3836 1413 3902; x_wconf 78' lang='lat' dir='ltr'><strong>hac</strong></span> <span class='ocrx_word' id='word_1_311' title='bbox 1428 3857 1483 3901; x_wconf 87' lang='lat' dir='ltr'><strong>au-</strong></span> 
     </span>
     <span class='ocr_line' id='line_1_34' title="bbox 242 3927 1483 4024; baseline 0.003 -23"><span class='ocrx_word' id='word_1_312' title='bbox 242 3947 288 4021; x_wconf 80' lang='grc' dir='ltr'><strong>τῷ</strong></span> <span class='ocrx_word' id='word_1_313' title='bbox 310 3937 486 4024; x_wconf 83' lang='grc' dir='ltr'><strong>ααλοααιρίῳ</strong></span> <span class='ocrx_word' id='word_1_314' title='bbox 508 3937 623 4021; x_wconf 81' lang='grc' dir='ltr'><strong>βλέπειν</strong></span> <span class='ocrx_word' id='word_1_315' title='bbox 637 3938 690 4001; x_wconf 79' lang='grc' dir='ltr'><strong>τὸν</strong></span> <span class='ocrx_word' id='word_1_316' title='bbox 705 3939 786 4010; x_wconf 79' lang='grc' dir='ltr'><strong>ἥλιον</strong></span> <span class='ocrx_word' id='word_1_317' title='bbox 801 3927 849 4002; x_wconf 72' lang='grc' dir='ltr'><strong>διὰ</strong></span> <span class='ocrx_word' id='word_1_318' title='bbox 878 3944 944 4005; x_wconf 78' lang='lat' dir='ltr'><strong>tem</strong></span> <span class='ocrx_word' id='word_1_319' title='bbox 974 3940 1054 4008; x_wconf 86' lang='lat' dir='ltr'><strong>urbe</strong></span> <span class='ocrx_word' id='word_1_320' title='bbox 1085 3941 1249 4022; x_wconf 85' lang='lat' dir='ltr'><strong>depositus</strong></span> <span class='ocrx_word' id='word_1_321' title='bbox 1272 3939 1333 4005; x_wconf 82' lang='lat' dir='ltr'><strong>fuit</strong></span> <span class='ocrx_word' id='word_1_322' title='bbox 1355 3959 1380 4004; x_wconf 86' lang='lat' dir='ltr'><strong>s.</strong></span> <span class='ocrx_word' id='word_1_323' title='bbox 1404 3940 1483 4022; x_wconf 83' lang='lat' dir='ltr'>Try-</span> 
     </span>
     <span class='ocr_line' id='line_1_35' title="bbox 242 4032 1484 4130; baseline 0.004 -26"><span class='ocrx_word' id='word_1_324' title='bbox 242 4042 280 4105; x_wconf 82' lang='grc' dir='ltr'><strong><em>πὸ</em></strong></span> <span class='ocrx_word' id='word_1_325' title='bbox 302 4053 492 4129; x_wconf 77' lang='grc' dir='ltr'><strong>ραοοορανεῑν,</strong></span> <span class='ocrx_word' id='word_1_326' title='bbox 515 4051 560 4124; x_wconf 78' lang='grc' dir='ltr'><strong>τῷ</strong></span> <span class='ocrx_word' id='word_1_327' title='bbox 579 4035 612 4106; x_wconf 80' lang='grc' dir='ltr'><strong>δὲ</strong></span> <span class='ocrx_word' id='word_1_328' title='bbox 626 4051 746 4130; x_wconf 83' lang='grc' dir='ltr'><strong>χειμῶνι</strong></span> <span class='ocrx_word' id='word_1_329' title='bbox 761 4032 849 4106; x_wconf 78' lang='grc' dir='ltr'><strong>οὐδα-</strong></span> <span class='ocrx_word' id='word_1_330' title='bbox 879 4044 974 4126; x_wconf 86' lang='lat' dir='ltr'>phon,</span> <span class='ocrx_word' id='word_1_331' title='bbox 999 4043 1052 4124; x_wconf 90' lang='lat' dir='ltr'><strong>qui</strong></span> <span class='ocrx_word' id='word_1_332' title='bbox 1083 4062 1191 4111; x_wconf 82' lang='lat' dir='ltr'><strong>omnes</strong></span> <span class='ocrx_word' id='word_1_333' title='bbox 1220 4043 1347 4108; x_wconf 89' lang='lat' dir='ltr'><strong>omnino</strong></span> <span class='ocrx_word' id='word_1_334' title='bbox 1374 4062 1484 4127; x_wconf 83' lang='lat' dir='ltr'><strong>aegro-</strong></span> 
     </span>
     <span class='ocr_line' id='line_1_36' title="bbox 243 4136 1484 4234; baseline 0.005 -26"><span class='ocrx_word' id='word_1_335' title='bbox 243 4156 313 4234; x_wconf 79' lang='grc' dir='ltr'><strong>μως.</strong></span> <span class='ocrx_word' id='word_1_336' title='bbox 338 4147 368 4209; x_wconf 81' lang='grc' dir='ltr'><strong>ἐν</strong></span> <span class='ocrx_word' id='word_1_337' title='bbox 391 4136 424 4209; x_wconf 79' lang='grc' dir='ltr'><strong>δὲ</strong></span> <span class='ocrx_word' id='word_1_338' title='bbox 445 4155 491 4208; x_wconf 84' lang='grc' dir='ltr'><strong>τω</strong></span> <span class='ocrx_word' id='word_1_339' title='bbox 513 4148 596 4229; x_wconf 80' lang='grc' dir='ltr'><strong>αὐτῷ</strong></span> <span class='ocrx_word' id='word_1_340' title='bbox 618 4146 738 4234; x_wconf 82' lang='grc' dir='ltr'><strong>αάσπρῳ</strong></span> <span class='ocrx_word' id='word_1_341' title='bbox 756 4158 851 4212; x_wconf 73' lang='grc' dir='ltr'><strong>νεῖται</strong></span> <span class='ocrx_word' id='word_1_342' title='bbox 880 4154 930 4214; x_wconf 81' lang='lat' dir='ltr'><strong>tos</strong></span> <span class='ocrx_word' id='word_1_343' title='bbox 965 4153 1074 4227; x_wconf 74' lang='lat' dir='ltr'>sanat,</span> <span class='ocrx_word' id='word_1_344' title='bbox 1107 4149 1241 4213; x_wconf 79' lang='lat' dir='ltr'><strong>maxime</strong></span> <span class='ocrx_word' id='word_1_345' title='bbox 1272 4165 1327 4214; x_wconf 83' lang='lat' dir='ltr'><strong>eos</strong></span> <span class='ocrx_word' id='word_1_346' title='bbox 1360 4149 1413 4229; x_wconf 91' lang='lat' dir='ltr'><strong>qui</strong></span> <span class='ocrx_word' id='word_1_347' title='bbox 1443 4147 1484 4214; x_wconf 85' lang='lat' dir='ltr'><strong>ab</strong></span> 
     </span>
     <span class='ocr_line' id='line_1_37' title="bbox 244 4247 1484 4338; baseline 0.001 -24"><span class='ocrx_word' id='word_1_348' title='bbox 244 4253 260 4314; x_wconf 85' lang='grc' dir='ltr'><strong>ὁ</strong></span> <span class='ocrx_word' id='word_1_349' title='bbox 282 4251 363 4336; x_wconf 75' lang='grc' dir='ltr'><strong>ἅγιος</strong></span> <span class='ocrx_word' id='word_1_350' title='bbox 385 4247 507 4338; x_wconf 79' lang='grc' dir='ltr'><strong>Τρύφων</strong></span> <span class='ocrx_word' id='word_1_351' title='bbox 529 4252 669 4338; x_wconf 82' lang='grc' dir='ltr'><strong>ἀκεραίως</strong></span> <span class='ocrx_word' id='word_1_352' title='bbox 691 4259 790 4316; x_wconf 81' lang='grc' dir='ltr'><strong>πᾶσαν</strong></span> <span class='ocrx_word' id='word_1_353' title='bbox 805 4251 851 4316; x_wconf 81' lang='grc' dir='ltr'><strong>νό-</strong></span> <span class='ocrx_word' id='word_1_354' title='bbox 880 4253 1013 4336; x_wconf 83' lang='lat' dir='ltr'><strong>impuris</strong></span> <span class='ocrx_word' id='word_1_355' title='bbox 1028 4253 1191 4336; x_wconf 86' lang='lat' dir='ltr'>spiritibus</span> <span class='ocrx_word' id='word_1_356' title='bbox 1210 4257 1380 4336; x_wconf 79' lang='lat' dir='ltr'><strong>vexantur3</strong></span> <span class='ocrx_word' id='word_1_357' title='bbox 1404 4255 1484 4317; x_wconf 79' lang='lat' dir='ltr'><strong>tem-</strong></span> 
     </span>
     <span class='ocr_line' id='line_1_38' title="bbox 245 4353 1484 4443; baseline 0 -25"><span class='ocrx_word' id='word_1_358' title='bbox 245 4377 295 4419; x_wconf 89' lang='grc' dir='ltr'><strong>οον</strong></span> <span class='ocrx_word' id='word_1_359' title='bbox 311 4355 439 4443; x_wconf 82' lang='grc' dir='ltr'><strong>ἰώμενος,</strong></span> <span class='ocrx_word' id='word_1_360' title='bbox 462 4353 594 4442; x_wconf 83' lang='grc' dir='ltr'><strong>μάλιστα</strong></span> <span class='ocrx_word' id='word_1_361' title='bbox 609 4357 677 4430; x_wconf 86' lang='grc' dir='ltr'><strong>τοὺς</strong></span> <span class='ocrx_word' id='word_1_362' title='bbox 693 4357 750 4420; x_wconf 74' lang='grc' dir='ltr'><strong>ὑπὸ</strong></span> <span class='ocrx_word' id='word_1_363' title='bbox 765 4380 851 4420; x_wconf 83' lang='grc' dir='ltr'><strong>πνεν-</strong></span> <span class='ocrx_word' id='word_1_364' title='bbox 881 4357 968 4439; x_wconf 88' lang='lat' dir='ltr'><strong>plum</strong></span> <span class='ocrx_word' id='word_1_365' title='bbox 998 4377 1075 4423; x_wconf 82' lang='lat' dir='ltr'><strong>vero</strong></span> <span class='ocrx_word' id='word_1_366' title='bbox 1103 4357 1203 4439; x_wconf 82' lang='lat' dir='ltr'>ipsius</span> <span class='ocrx_word' id='word_1_367' title='bbox 1233 4356 1403 4421; x_wconf 86' lang='lat' dir='ltr'><strong>rotundum</strong></span> <span class='ocrx_word' id='word_1_368' title='bbox 1425 4361 1484 4422; x_wconf 83' lang='lat' dir='ltr'><strong>est.</strong></span> 
     </span>
     <span class='ocr_line' id='line_1_39' title="bbox 246 4458 1485 4548; baseline 0.002 -26"><span class='ocrx_word' id='word_1_369' title='bbox 246 4458 350 4546; x_wconf 85' lang='grc' dir='ltr'><strong>μάτων</strong></span> <span class='ocrx_word' id='word_1_370' title='bbox 373 4459 555 4546; x_wconf 80' lang='grc' dir='ltr'><strong>ἀκαθάρτων</strong></span> <span class='ocrx_word' id='word_1_371' title='bbox 581 4459 812 4548; x_wconf 73' lang='grc' dir='ltr'><strong>τοραννομένους·</strong></span> <span class='ocrx_word' id='word_1_372' title='bbox 836 4463 852 4522; x_wconf 87' lang='grc' dir='ltr'>ὁ</span> <span class='ocrx_word' id='word_1_373' title='bbox 926 4461 1145 4528; x_wconf 78' lang='lat' dir='ltr'>Diadora⁵³⁷</span> <span class='ocrx_word' id='word_1_374' title='bbox 1174 4463 1250 4528; x_wconf 86' lang='lat' dir='ltr'>urbs</span> <span class='ocrx_word' id='word_1_375' title='bbox 1273 4461 1485 4527; x_wconf 83' lang='lat' dir='ltr'><strong>Romanorum</strong></span> 
     </span>
     <span class='ocr_line' id='line_1_40' title="bbox 247 4555 1488 4651; baseline 0.005 -25"><span class='ocrx_word' id='word_1_376' title='bbox 247 4555 280 4626; x_wconf 79' lang='grc' dir='ltr'><strong>δὲ</strong></span> <span class='ocrx_word' id='word_1_377' title='bbox 303 4563 370 4636; x_wconf 78' lang='grc' dir='ltr'><strong>ναὸς</strong></span> <span class='ocrx_word' id='word_1_378' title='bbox 392 4565 485 4626; x_wconf 80' lang='grc' dir='ltr'><strong>αὐτοῦ</strong></span> <span class='ocrx_word' id='word_1_379' title='bbox 507 4565 585 4627; x_wconf 82' lang='grc' dir='ltr'><strong>ἐστὶν</strong></span> <span class='ocrx_word' id='word_1_380' title='bbox 608 4563 806 4651; x_wconf 82' lang='grc' dir='ltr'><strong>εἱληματικός.</strong></span> <span class='ocrx_word' id='word_1_381' title='bbox 885 4564 994 4647; x_wconf 81' lang='lat' dir='ltr'>lingua</span> <span class='ocrx_word' id='word_1_382' title='bbox 1024 4572 1075 4630; x_wconf 80' lang='lat' dir='ltr'><strong>est</strong></span> <span class='ocrx_word' id='word_1_383' title='bbox 1109 4565 1190 4646; x_wconf 80' lang='lat' dir='ltr'>„iarn</span> <span class='ocrx_word' id='word_1_384' title='bbox 1213 4571 1313 4650; x_wconf 69' lang='lat' dir='ltr'><strong>erae‘,</strong></span> <span class='ocrx_word' id='word_1_385' title='bbox 1338 4564 1488 4632; x_wconf 80' lang='lat' dir='ltr'><strong>videlieet</strong></span> 
     </span>
     <span class='ocr_line' id='line_1_41' title="bbox 290 4657 1488 4754; baseline 0.006 -26"><span class='ocrx_word' id='word_1_386' title='bbox 290 4662 368 4729; x_wconf 77' lang='grc' dir='ltr'><strong>’Ότι</strong></span> <span class='ocrx_word' id='word_1_387' title='bbox 396 4666 435 4730; x_wconf 78' lang='grc' dir='ltr'><strong>τὸ</strong></span> <span class='ocrx_word' id='word_1_388' title='bbox 465 4665 589 4754; x_wconf 74' lang='grc' dir='ltr'><strong>κάοτρον</strong></span> <span class='ocrx_word' id='word_1_389' title='bbox 618 4677 679 4730; x_wconf 86' lang='grc' dir='ltr'><strong>τῶν</strong></span> <span class='ocrx_word' id='word_1_390' title='bbox 709 4657 855 4730; x_wconf 82' lang='grc' dir='ltr'><strong>Διαδώ-</strong></span> <span class='ocrx_word' id='word_1_391' title='bbox 885 4668 971 4749; x_wconf 89' lang='lat' dir='ltr'>quod</span> <span class='ocrx_word' id='word_1_392' title='bbox 994 4674 1068 4737; x_wconf 79' lang='lat' dir='ltr'><strong>ente</strong></span> <span class='ocrx_word' id='word_1_393' title='bbox 1090 4670 1224 4737; x_wconf 79' lang='lat' dir='ltr'><strong>Romam</strong></span> <span class='ocrx_word' id='word_1_394' title='bbox 1252 4669 1332 4734; x_wconf 76' lang='lat' dir='ltr'><strong>haec</strong></span> <span class='ocrx_word' id='word_1_395' title='bbox 1362 4669 1488 4736; x_wconf 74' lang='lat' dir='ltr'><strong>condite</strong></span> 
     </span>
     <span class='ocr_line' id='line_1_42' title="bbox 1364 4771 1384 4806; baseline 0 0"><span class='ocrx_word' id='word_1_396' title='bbox 1364 4771 1384 4806; x_wconf 69' lang='grc' dir='ltr'>Ἰ</span> 
     </span>
    </p>
   </div>
   <div class='ocr_carea' id='block_1_3' title="bbox 0 0 1801 5276">
    <p class='ocr_par' dir='ltr' id='par_1_3' title="bbox 0 0 1801 5276">
     <span class='ocr_line' id='line_1_43' title="bbox 0 0 1801 5276; baseline 0 0"><span class='ocrx_word' id='word_1_397' title='bbox 0 0 1801 5276; x_wconf 95' lang='lat' dir='ltr'><strong> </strong></span> 
     </span>
    </p>
   </div>
  </div>
 </body>
</html>
