3520 5422
1346 432 1387 494 63

198 631 241 697 Et
264 648 324 716 ego
346 628 446 698 Adam
475 631 657 712 monachus,
682 630 838 713 Chroeeie
868 633 989 698 electus
1013 633 1195 718 episeopus,
1222 635 1312 702 iussu
1335 635 1390 702 do-

155 719 232 784 mini
255 719 339 802 regis
361 736 456 786 manu
477 737 549 785 mea
570 719 691 802 scripsi.

241 828 382 904 Dipioma
397 828 535 888 insertum
552 827 790 906 „chirograpbo“
807 829 886 890 Petri
902 829 1028 892 abbatie.
1044 829 1120 890 Vide
1135 848 1179 890 ur.
1197 830 1248 894 53.
1272 829 1390 892 Editurn

199 915 490 991 eseepoeta.1059
515 919 598 990 patet
612 916 660 975 vel
675 931 712 976 ex
728 932 782 994 eo,
809 916 888 994 quod
911 915 967 977 boc
989 919 1121 993 tempore
1145 918 1270 994 iupeous
1292 919 1392 980 Lucae

197 1001 365 1077 Pirvanego
377 1001 479 1080 tuerit3
496 999 583 1061 Vibio
595 1009 691 1062 antem
706 1003 820 1062 tardius
834 1002 929 1063 eidem
946 1003 1095 1064 succeseit.
1113 1003 1186 1064 Gom
1201 1009 1299 1065 eutem
1314 1024 1391 1066 anno

201 1090 284 1148 1066
300 1087 453 1149 Rmnerina
468 1089 526 1148 iam
541 1091 698 1164 episcopus
713 1088 870 1150 chroatiae
885 1089 927 1170 (v.
943 1109 988 1150 nr.
1005 1089 1059 1168 51)
1074 1089 1194 1170 fuisset,
1221 1091 1277 1152 boe
1292 1097 1388 1153 autern

199 1174 329 1251 diploma
339 1175 478 1250 scriptum
491 1177 528 1234 sit
540 1177 578 1236 ab
589 1175 703 1236 Ademo
719 1175 881 1255 ,Obroacie
897 1177 991 1238 electo
1007 1177 1178 1254 epiecopo“,
1195 1177 1304 1240 editum
1316 1179 1388 1240 illud

200 1261 291 1322 inisse
306 1267 374 1322 ante
389 1281 415 1322 a
435 1264 516 1322 1066
532 1267 657 1339 oportet.

195 1361 201 1390 ¹
220 1360 405 1430 ,debonat
423 1360 545 1416 ultimum
563 1361 632 1416 trel
650 1361 862 1418 abbreviationis
884 1363 991 1433 signum
1015 1363 1178 1434 negligentia
1200 1364 1305 1420 librarii
1323 1381 1383 1421 onr-

154 1447 268 1504 miaeum
349 1450 360 1479 ²
378 1447 487 1516 Yculus,
506 1465 577 1504 nuno
594 1448 677 1504 Diklo
697 1449 725 1505 in
743 1451 863 1506 reductu
881 1451 956 1507 urbis
974 1451 1098 1507 Jederae.
1159 1451 1205 1506 ³i.
1223 1468 1247 1508 e.
1267 1451 1389 1509 Zablata

39 1557 43 1566 =
156 1535 166 1564 ⁴
186 1535 206 1588 i.
223 1550 247 1590 e.
266 1533 433 1605 Dsrzielaui,
452 1535 607 1592 Dratisler.
625 1535 765 1592 bdildoiit:
794 1536 846 1592 Die
863 1537 979 1608 Bildung
997 1536 1045 1595 der
1062 1538 1128 1595 slav.
1147 1539 1389 1597 Personennamen.

151 1637 196 1677 nr.
217 1625 274 1677 121.
292 1621 365 1692 drag
381 1627 534 1692 -tenere,
558 1621 703 1693 possidere,
721 1631 750 1678 et
767 1623 851 1680 stara.
936 1625 1083 1682 ‘Pribina
1103 1626 1167 1682 ibid.
1185 1643 1226 1683 nr.
1245 1629 1304 1683 297.
1378 1628 1388 1660 ⁶

152 1708 217 1764 Ibid
234 1725 276 1764 nr.
294 1713 337 1766 73.
418 1708 592 1776 'Scatoslaa
617 1709 765 1781 scatentes,
789 1712 929 1770 Suetislar.
957 1713 1021 1770 ibid
1040 1730 1081 1770 nr.
1100 1718 1160 1770 339.
1243 1715 1390 1786 'Gojelam

150 1795 221 1852 ibid.
238 1813 278 1852 nr.
298 1799 340 1851 ⁷4.
431 1796 586 1853 ”Borean
610 1797 674 1854 ibid
698 1814 740 1852 nr.
759 1802 800 1854 11.
823 1799 1001 1858 Bozetecbus.
1094 1803 1115 1832 '⁸
1132 1800 1259 1858 Danitit:
1284 1803 1389 1872 rjetnik

151 1889 298 1934 uenture.
387 1884 405 1918 ¹¹
422 1883 528 1955 nakpzo
548 1884 608 1941 loco
626 1885 729 1940 oilkizo
747 1885 765 1940 i.
784 1900 809 1941 e.
828 1886 939 1943 Vaikac.
958 1887 1086 1944 Mibloiit
1103 1905 1146 1960 op.
1166 1890 1210 1946 cit.
1229 1905 1268 1945 nr.
1289 1893 1330 1945 33.
1350 1889 1390 1946 cf.

149 1987 195 2026 nr.
216 1975 273 2026 111.
292 1971 405 2028 Vilciuo.
482 1973 501 2003 ¹²
519 1971 625 2028 Veleia.
644 1971 772 2028 Mikloiit
789 1989 833 2044 op.
851 1975 896 2030 cit
914 1992 955 2030 nr.
975 1977 1016 2031 46.
1075 1976 1199 2047 ''deia
1218 1977 1257 2032 Gi
1277 1977 1386 2032 Budica.

149 2057 219 2115 ibid.
238 2074 278 2115 nr.
296 2062 338 2116 21.
411 2061 432 2093 ¹⁸
450 2059 589 2130 Drugona,
608 2059 667 2115 ride
686 2077 726 2118 nr.
746 2065 787 2116 71.
805 2060 874 2118 ibid.
892 2077 933 2118 nr.
955 2066 1011 2121 118.
1029 2063 1147 2136 Dragon,
1165 2064 1313 2136 Dragonje.

725 2360 816 2432 116.

148 2467 210 2528 inu
224 2466 281 2528 liii.

148 2602 293 2669 Litterae
320 2602 556 2686 fundationates
591 2601 850 2688 ibopuriensiura
870 2623 929 2689 pro
951 2607 1136 2669 rnoaoetcrio
1158 2605 1338 2672 monialium
1360 2629 1385 2672 s.

535 2707 665 2772 Domaii
685 2711 720 2774 in
743 2707 850 2774 eadem
871 2710 1001 2775 civitate.

196 2831 236 2898 In
259 2830 386 2898 nomine
408 2828 527 2897 domini
550 2832 649 2897 nostri
670 2831 839 2898 saluatoris
862 2832 947 2913 regis
969 2832 1080 2898 eterni.
1111 2831 1202 2899 Anno
1233 2835 1386 2901 dominice

150 2936 380 3002 incarnationis
402 2935 567 3002 millesimo
589 2959 674 3014 cxcv,
698 2936 867 3003 indictione
884 2961 917 3001 ιι.
942 2937 1107 3020 Regnante
1130 2937 1255 3004 domino
1278 2946 1385 3006 nostro

147 3060 189 3108 ac
211 3041 352 3124 piissimo
375 3046 510 3125 augusto
533 3040 740 3107 Constantino
762 3042 867 3107 Duce¹
890 3047 923 3109 et
949 3059 1063 3125 magno
1084 3043 1285 3124 imperatore,
1310 3045 1385 3110 ciui·

149 3145 229 3214 tatis
250 3164 330 3212 uero
351 3146 561 3228 traguriensis
584 3152 716 3228 regente
738 3146 918 3213 cathedram
942 3145 1087 3213 iohanne
1109 3147 1279 3215 uenerabili
1302 3149 1383 3232 epis·

14 3315 15 3322 ,
148 3269 232 3335 copo
260 3249 453 3330 rethorico,’
486 3269 549 3316 una
579 3268 649 3316 cum
679 3251 793 3317 domno
816 3251 966 3316 Dabrana
996 3250 1104 3318 inclito
1133 3253 1238 3334 priore
1260 3259 1292 3320 ct
1314 3273 1385 3321 eum

14 3379 16 3416 :
75 3437 79 3448 Ι
148 3357 253 3424 fratre
276 3374 333 3422 suo
356 3353 483 3422 Andron
505 3355 712 3437 omnibusque
735 3355 903 3421 nobilibus.
927 3355 992 3421 Sub
1008 3355 1131 3422 illorum
1148 3375 1284 3440 namque
1307 3367 1385 3425 tem-

146 3461 282 3546 poribus
304 3461 364 3527 boc
385 3461 580 3544 precepimus
612 3461 811 3543 priuilegium
840 3460 992 3528 conscribi
1015 3479 1073 3526 nos
1096 3479 1214 3540 omnes
1237 3463 1386 3530 uidelicet

149 3567 309 3650 Staligato
340 3565 513 3650 Georgius,
545 3567 686 3632 Tridullo
716 3567 844 3642 Debre,
875 3565 1041 3649 Sepeiato,
1073 3566 1216 3634 Calaiato
1239 3587 1383 3638 necnon

148 3671 293 3750 Vitaza³
316 3676 349 3737 et
370 3669 430 3737 boc
452 3677 628 3754 spontanea
649 3678 759 3736 nostra
782 3671 956 3748 uoluntate,
980 3670 1021 3736 de
1043 3670 1103 3737 boc
1125 3673 1208 3754 quod
1231 3673 1299 3755 ipse
1322 3675 1383 3740 iam

149 3777 259 3842 dictus
291 3777 460 3860 episcopus
489 3794 547 3842 nos
577 3776 800 3858 perplurimum
831 3781 1018 3858 rogauerat,
1049 3783 1085 3841 ut
1114 3776 1294 3861 ecclesiam,
1323 3796 1384 3860 que

147 3886 265 3948 nostra
287 3885 373 3961 erat,
406 3881 525 3948 scilicet
547 3880 658 3949 domus
679 3881 764 3947 beati
787 3880 929 3960 Domnii,
962 3881 1007 3963 (in
1029 3880 1114 3964 loco)
1136 3881 1190 3947 ubi
1213 3889 1305 3964 porta
1327 3883 1383 3951 do-

147 3985 266 4054 minica
294 3993 444 4065 uocatur,
476 3987 519 4052 ibi
548 3985 771 4054 monasterium
795 3986 979 4052 ancillarum
1002 3986 1119 4052 domini
1141 3987 1385 4054 concederemus

148 4097 344 4159 construere.
368 4091 434 4157 Nos
457 4110 533 4157 uero
556 4090 690 4158 consulti
713 4108 821 4158 omnes
844 4098 877 4157 et
900 4092 974 4171 quia
995 4096 1105 4157 noster
1127 4097 1231 4158 rector
1254 4111 1291 4159 ac
1312 4112 1385 4175 pro·

148 4201 253 4264 tector
281 4202 518 4277 permanserat,
553 4197 716 4278 magisque
746 4213 803 4277 pro
834 4195 973 4262 remedio
1003 4202 1181 4262 nostrorum
1211 4198 1384 4264 animamm

147 4300 238 4366 illum
269 4299 465 4379 audiuimus,
498 4299 678 4382 ibidemque
711 4300 836 4366 domino
868 4305 1027 4368 annuente
1058 4304 1283 4368 monasterium
1313 4321 1383 4370 esse

148 4403 387 4472 affirmauimus.
411 4403 476 4471 Ubi
498 4410 532 4472 et
553 4404 715 4471 abbatissa
736 4423 799 4471 nou
822 4410 895 4487 post
914 4405 1042 4488 longum
1062 4407 1213 4488 temporis
1235 4407 1381 4489 spatium,

149 4511 275 4577 nomine
304 4509 469 4594 Eudemia,
499 4510 678 4576 introducta
708 4509 769 4575 iuit
791 4511 904 4576 ceteris
927 4529 997 4576 cum
1020 4511 1191 4578 sororibus.
1226 4511 1303 4577 Post
1324 4511 1383 4578 bec

152 4615 279 4682 domine
301 4615 465 4682 abbatisse
487 4614 630 4679 similiter
650 4619 754 4680 terras
777 4619 811 4680 et
833 4615 942 4680 uineas
959 4615 1165 4682 iudicauimus
1186 4634 1305 4698 sueque
1326 4635 1382 4700 po-

150 4719 259 4790 testati
291 4719 517 4800 commisimus3
548 4721 677 4800 insuper
707 4725 740 4786 et
768 4719 844 4786 litus
874 4719 962 4786 iuxta
992 4721 1124 4788 eandem
1154 4721 1317 4789 ecclesiam
1340 4722 1382 4787 ad
