3604 5276
1436 365 1498 427 309

260 566 392 632 basilica
414 587 438 633 s.
462 566 649 634 Anastasiae
679 568 811 650 virginis
839 573 872 632 et
900 567 1049 650 martyris
1078 567 1272 634 vocaretur.⁹
1305 567 1366 645 Qui
1389 588 1497 650 supra-

259 669 335 736 dicti
358 671 442 738 cives
464 671 518 738 alii
541 673 636 754 agris,
661 673 716 738 alii
734 673 844 755 uineis,
868 673 921 739 alii
944 673 1064 752 insulis,
1092 673 1145 738 alii
1168 672 1283 738 villulis
1307 673 1496 738 ditaverunt.

301 773 369 840 Nec
399 780 464 840 tarn
495 777 616 858 grande
645 777 831 842 miraculum
861 777 1117 858 praetermittere
1147 777 1292 842 volumus
1315 775 1497 857 praeteritis

256 878 471 960 temporibus.
496 877 575 944 Cum
598 882 680 945 enim
706 898 776 945 cum
799 881 892 948 beato
916 899 1050 962 corpore
1065 900 1122 962 per
1136 879 1253 946 dictam
1275 885 1401 962 portam
1424 879 1497 944 civi-

256 981 335 1047 tatis
357 981 493 1066 ingressi
515 989 632 1062 essent,
657 984 787 1064 accidit,
813 990 849 1050 ut
873 985 1000 1067 quidam
1025 986 1151 1050 incaute
1178 985 1308 1049 venians
1331 1001 1390 1066 per
1412 1001 1497 1048 earn·

256 1085 332 1151 dem
362 1091 489 1168 portam
518 1089 688 1169 transiret,
718 1089 771 1169 qui
801 1108 875 1155 mon
904 1107 1056 1156 corruens
1085 1089 1118 1153 in
1148 1093 1267 1156 terram
1297 1093 1371 1154 ante
1393 1088 1497 1169 ipsam

215 1262 221 1276 .
255 1195 381 1270 portam
405 1191 569 1272 expiravit.
604 1189 698 1259 Cives
721 1199 827 1259 autem
849 1195 917 1258 viso
939 1199 1029 1259 tanto
1052 1193 1213 1272 miraculo,
1237 1191 1351 1259 timore
1373 1197 1496 1272 perter-

255 1293 320 1370 riti,
345 1295 455 1360 statim
478 1281 581 1378 ips'am
604 1303 728 1377 portam
753 1295 933 1363 firmissimo
956 1314 1046 1361 muro
1070 1299 1311 1379 obstruxerunt,
1335 1302 1371 1360 ut
1393 1295 1497 1360 nullus

257 1397 393 1478 amplius
420 1418 477 1481 per
500 1418 570 1466 eam
593 1419 696 1482 neque
719 1402 839 1467 aditum
863 1421 968 1484 neque
993 1401 1110 1468 exitum
1130 1401 1250 1467 habere
1273 1407 1391 1483 posset,
1414 1417 1497 1480 quae

255 1519 358 1582 usqne
381 1501 476 1570 hodie
499 1503 608 1571 clausa
631 1512 681 1570 est
704 1509 736 1571 et
764 1523 892 1588 semper
915 1524 1015 1587 usque
1038 1505 1069 1570 in
1093 1503 1186 1571 finem
1211 1505 1410 1570 saeculorum
1433 1521 1496 1569 non

255 1607 426 1688 aperietur.

299 1710 473 1794 Postquam
504 1731 580 1779 vero
610 1715 766 1796 praedicti
796 1715 880 1780 cives
909 1709 1103 1781 domicilium
1133 1720 1167 1779 et
1196 1731 1283 1778 aram
1317 1717 1493 1795 parassent,

256 1815 386 1895 suisque
410 1817 546 1898 propriis
569 1819 664 1883 rebus
687 1818 855 1884 mobilibus
878 1824 911 1883 et
933 1817 1144 1885 immobilibus
1167 1819 1306 1898 perbene
1330 1816 1494 1897 ditassent,

255 1917 401 1984 Donatus
423 1921 641 1986 sanctissimus
665 1941 788 1987 summa
811 1941 880 1988 cum
902 1923 1118 1998 veneratione,
1143 1925 1180 1986 nt
1198 1921 1291 1986 decet
1306 1918 1495 2001 praesulem,

256 2026 290 2086 et
308 2023 404 2088 animi
416 2024 594 2103 devotione,
619 2026 703 2091 clero
726 2031 760 2092 et
783 2027 900 2108 populo
916 2026 1115 2092 cantantibus
1131 2030 1164 2092 et
1179 2024 1398 2106 psallentibus,
1422 2041 1494 2104 pre-

257 2125 461 2192 tiosissimum
477 2146 592 2211 corpus
607 2129 723 2196 beatae
738 2131 868 2211 virginis
884 2136 916 2196 et
931 2131 1078 2212 martyris
1101 2127 1290 2193 Anastasiae
1305 2127 1494 2193 nitidissimo

254 2229 324 2294 loco
348 2229 458 2310 quinto
481 2251 581 2299 nonas
603 2234 742 2300 octobris
767 2235 960 2312 recondidit3
984 2234 1037 2299 ubi
1061 2251 1144 2298 nuno
1166 2232 1266 2298 multa
1286 2250 1344 2313 per
1359 2229 1492 2296 eandem

256 2333 408 2418 virginem
425 2341 632 2416 praestantur
646 2337 809 2417 beneficia,
825 2345 980 2420 regnante
997 2337 1123 2403 domino
1139 2343 1248 2402 nostro
1264 2336 1344 2402 Jesu
1359 2333 1495 2412 Christo,

255 2437 345 2503 cuius
375 2444 427 2504 est
458 2439 561 2505 honor
583 2447 616 2506 et
637 2441 737 2525 gloria
768 2461 825 2524 per
848 2441 970 2510 infinita
992 2442 1120 2507 saecula
1142 2441 1362 2506 saeculorum..
1385 2438 1494 2503 Amen.

341 2597 474 2658 Historia
488 2601 691 2661 translationis
706 2619 730 2663 s.
747 2601 933 2662 Anastasiae.
962 2603 1090 2662 Farlati:
1115 2602 1198 2676 illyr.
1216 2619 1290 2660 sacr.
1307 2599 1343 2675 V,
1368 2599 1420 2658 34.
1439 2597 1490 2656 35.

341 2683 425 2744 Haec
441 2683 564 2745 historia
579 2687 648 2745 olim
663 2688 692 2746 in
708 2690 833 2748 ecelesia
848 2689 1010 2748 cathedrali
1026 2688 1172 2759 laderae,
1200 2705 1265 2746 curn
1289 2682 1492 2744 anniversaria

298 2770 500 2829 translationis
515 2787 539 2832 s.
556 2771 733 2833 Anastasius
749 2776 986 2834 commemoratio
1002 2769 1258 2854 (receptantes)
1276 2771 1493 2840 celebrabatur,

301 2855 422 2914 recitari
446 2857 572 2916 solebat.
601 2858 732 2918 Historia
754 2861 852 2934 quoad
875 2861 997 2921 formam
1014 2861 1160 2920 recentior
1175 2859 1292 2934 qnidam
1310 2860 1371 2927 est,
1398 2852 1497 2928 quoad

301 2957 363 2999 rem
389 2958 460 3001 uero
488 2945 665 3020 perantiquo
688 2945 862 3006 documento
879 2947 1026 3020 innititur,
1051 2946 1133 3005 cuius
1148 2947 1269 3004 nucleus
1284 2943 1312 3000 iu
1329 2941 1385 3000 hoc
1402 2939 1496 2998 consi-

299 3027 413 3086 stebat:
429 3028 506 3087 Dum
524 3031 669 3104 Donatus,
686 3032 843 3108 episcopus
854 3031 991 3106 iaderae,
1008 3049 1074 3092 cum
1085 3032 1188 3098 Beato,
1205 3029 1395 3089 venetiarum
1408 3026 1492 3103 duce,

297 3111 434 3187 Byzantii
448 3113 487 3174 ad
503 3116 735 3189 promovendum
751 3117 826 3177 inter
842 3116 978 3178 Oarolum
994 3122 1025 3178 et
1036 3117 1237 3191 Nicephorum
1247 3116 1329 3190 pacis
1341 3113 1492 3187 negotium

306 3203 486 3275 versaretur,
503 3200 609 3260 beatae
623 3200 800 3262 anastasiae
815 3220 938 3278 corpus,
963 3203 1042 3279 quod
1057 3221 1084 3263 a.
1102 3204 1174 3262 457.
1202 3201 1307 3260 Sirmio
1323 3199 1452 3259 delatum
1468 3196 1498 3254 in

305 3285 433 3344 ecclesia
448 3285 545 3346 sidem
561 3286 659 3346 dicata
674 3288 854 3348 reconditum
871 3295 951 3366 crat,
977 3291 1053 3349 dono
1076 3289 1216 3365 obtinuit3
1243 3286 1374 3360 illudque
1397 3299 1496 3342 secum

300 3369 440 3430 iaderam
455 3372 620 3450 transtulit,
644 3373 695 3434 ubi
710 3391 818 3450 magno
834 3393 900 3434 cnm
916 3377 1029 3456 honore
1043 3376 1072 3433 in
1088 3373 1250 3434 cathedrali
1267 3389 1290 3431 s.
1307 3371 1387 3431 Petri
1403 3369 1498 3428 ecole-

300 3457 360 3535 sia,
377 3473 455 3531 qnae
470 3457 577 3517 deinde
592 3474 616 3518 s.
632 3459 811 3520 Anastasius
827 3470 935 3522 nomen
946 3467 1034 3544 nacta
1045 3466 1101 3536 ost,
1118 3460 1284 3536 deponitur.
1303 3457 1385 3518 Haeo
1398 3455 1498 3514 brevis

299 3543 500 3603 translationis
521 3545 653 3606 narraho
677 3547 862 3622 postmodum
886 3549 976 3608 variis
992 3547 1136 3608 adiunctis
1153 3545 1369 3618 verborumque
1384 3558 1495 3618 pompa

299 3628 428 3688 adaucta
441 3634 496 3690 est.

347 3714 435 3788 Quod
457 3733 528 3775 vero
543 3719 667 3792 ⁴tempus
689 3721 809 3799 attinet,
836 3707 907 3779 illud
928 3720 1016 3779 etiam
1031 3719 1061 3779 in
1076 3721 1131 3779 hoo
1146 3717 1301 3778 recentiori
1318 3716 1492 3776 documento

298 3809 380 3864 recte
395 3803 566 3880 exhibitum,
582 3822 678 3879 neque
693 3823 801 3865 annum
818 3808 880 3866 804
896 3805 935 3864 ad
952 3809 1012 3864 811
1029 3804 1229 3865 revocandum
1244 3819 1318 3862 esse.
1336 3805 1368 3860 ut
1380 3801 1492 3859 li'arlati

299 3889 382 3967 (ibid.
398 3907 419 3966 p
447 3889 502 3971 35)
518 3893 663 3967 opinatur,
683 3893 838 3967 subsequis
852 3898 1011 3952 eventuum
1026 3892 1172 3952 adiunctis
1187 3889 1278 3948 innixi
1294 3892 1439 3963 putamus.

298 4025 303 4054 ¹
322 4024 365 4078 Ab
383 4041 408 4080 a.
427 4027 487 4092 802,
506 4043 539 4079 m.
559 4041 619 4082 nos.
638 4043 724 4095 nsque
738 4025 772 4081 ad
785 4030 818 4082 25
832 4027 891 4081 iulii
904 4030 966 4085 arr,
1023 4027 1062 4081 ²i.
1076 4041 1099 4079 e.
1112 4029 1221 4078 Beatus.
1273 4023 1283 4052 ³
1300 4020 1373 4076 Male
1387 4017 1497 4088 „Smyr-

256 4113 334 4177 nae“‚
353 4112 568 4180 recentiorisque
585 4113 692 4168 librarii
711 4127 829 4168 errorem
848 4121 985 4182 putamus.
1010 4111 1158 4166 Anastasia
1175 4109 1250 4176 virgo
1270 4107 1407 4174 Romana,
1433 4110 1499 4158 nata

256 4197 426 4252 Praetextati
439 4204 467 4252 st
479 4197 600 4266 Flaviae,
619 4215 636 4252 a
654 4199 711 4254 rire
730 4215 779 4253 suo
799 4199 910 4267 Publio,
939 4198 1072 4254 idolorum
1091 4197 1196 4250 cultore
1216 4195 1244 4249 in
1257 4193 1437 4248 arctissimam
1453 4206 1498 4244 cu·

255 4283 371 4340 stodiam
384 4283 496 4340 inclusa
524 4285 588 4340 Viro
607 4291 714 4340 mortuo
732 4285 819 4342 Romi.
837 4286 998 4356 Aquileiam,
1018 4285 1080 4339 dein
1098 4281 1321 4336 Thessalonicam
1340 4295 1372 4333 ao
1390 4277 1499 4332 tandem

255 4369 383 4424 Sirmium
396 4370 529 4429 discessit.
547 4373 600 4429 Hic
618 4391 635 4428 a
653 4373 823 4430 Diocletiano
841 4373 958 4428 traditur
976 4371 1058 4426 Floro
1071 4369 1208 4439 praefecto
1227 4367 1336 4436 Illyrici,
1355 4381 1372 4420 a
1390 4379 1443 4435 quo
1462 4365 1496 4419 ad

211 4509 225 4540 ⁸
255 4465 368 4513 mortem
385 4458 522 4528 damnata,
545 4461 627 4516 Blral.
645 4461 771 4516 Januarii
789 4475 813 4515 a.
824 4463 876 4515 390
893 4459 1015 4528 martyrii
1034 4457 1153 4526 palmam
1171 4454 1271 4522 adepta
1289 4459 1339 4506 est.
1357 4449 1495 4520 Sepelitor

253 4545 351 4614 Syrmii
370 4547 398 4601 in
417 4547 497 4602 horto
515 4553 654 4603 matronae
667 4547 838 4615 Apolloniae,
856 4561 873 4600 a
891 4562 945 4613 qua
960 4543 1021 4598 dein
1041 4543 1170 4611 templum
1188 4538 1273 4594 eidem
1292 4538 1331 4592 ibi
1349 4537 1493 4592 excitatur.

254 4637 347 4691 Actae.
368 4637 539 4692 Anastasiae.
551 4635 583 4692 l.
596 4635 701 4690 Farlati
714 4633 735 4702 1,
753 4636 882 4688 427-31.
901 4632 934 4701 V,
954 4633 1065 4685 32—33.
1120 4629 1129 4658 ⁴
1149 4627 1237 4694 Quum
1256 4625 1387 4694 reliquiae
1405 4638 1429 4678 a.
1444 4625 1496 4678 4⁶7
