3604 5276
1420 365 1481 431 als

245 570 421 653 legationes
444 571 483 636 de
507 571 642 636 diversis
664 576 820 636 terrarum
843 571 999 658 partibus,
1029 591 1123 638 unam
1146 572 1187 640 de
1210 569 1482 653 Constantinopoli

245 675 379 740 alteram
403 674 443 742 de
466 673 626 752 Corduba,
650 673 737 757 paois
759 675 923 741 iaciendas
946 693 1042 742 eausa
1063 677 1234 744 adventare
1255 673 1427 761 namatus.)

293 779 473 860 Imperator
494 778 692 860 Aquasgrani
716 779 843 844 veniens
865 795 974 846 mense
998 777 1159 861 octobrio,
1183 785 1376 846 memoratas
1398 779 1484 863 laga·

248 882 351 948 tiones
374 882 513 961 audivit,
550 899 722 964 pacemque
746 899 816 948 oum
838 881 979 949 Nioil'oro
1002 883 1193 965 imperatore
1215 889 1248 949 et
1270 895 1340 949 aum
1363 881 1486 950 Abulaz

245 1005 326 1069 rego
348 985 522 1067 Hispaniae
545 985 628 1052 feeit.
652 985 733 1052 Nam
756 985 897 1053 Nioiforo
919 985 1088 1054 Venetiam
1108 986 1321 1054 reddidit...

328 1107 470 1170 Einhardl
486 1101 609 1171 annale's
624 1110 712 1170 Perta
727 1111 752 1188 1,
771 1113 842 1173 197.
862 1113 934 1174 198.
957 1111 1090 1172 Euhardi
1104 1113 1261 1174 Foldeusis
1276 1111 1398 1172 annales
1412 1103 1483 1170 ibid.

286 1198 397 1257 1355.

303 1242 310 1273 ’
328 1284 453 1344 Praeter
478 1284 633 1344 Venetiam
656 1285 822 1343 Dalmatiae
846 1301 965 1360 quoque
979 1284 1070 1346 urbes
1086 1285 1125 1344 ad
1141 1285 1255 1361 imperii
1271 1283 1421 1344 orientalia
1436 1283 1481 1342 ius

286 1370 435 1445 pertinere
451 1371 507 1430 hae
522 1371 678 1436 oeeasioue
693 1371 825 1446 agnitum
837 1369 937 1450 tuisse,
953 1371 1072 1432 eoloris
1084 1369 1227 1432 Einhordi
1239 1371 1338 1431 vorbis
1353 1370 1394 1450 (v.
1404 1367 1482 1429 infra

285 1473 329 1515 nr.
350 1457 399 1530 16,
416 1473 446 1531 p.
464 1455 539 1534 315)
557 1456 704 1517 deducere
719 1457 797 1517 lieet.

286 1589 412 1656 Interea
433 1590 556 1672 foedus,
581 1592 667 1674 quod
689 1590 914 1657 Venetieorum
936 1592 1073 1673 populus
1090 1591 1174 1674 olym
1190 1611 1261 1658 oum
1276 1591 1389 1658 Italico
1403 1610 1480 1674 rege

117 1733 119 1738 .
242 1692 391 1778 habebat,
415 1694 469 1759 illo
484 1699 638 1776 tempore,
661 1694 773 1777 Pipino
795 1700 911 1776 agente
936 1713 1012 1777 roge
1035 1695 1213 1778 disruptum
1229 1700 1287 1775 est.
1311 1702 1345 1762 et
1358 1695 1481 1762 hisdem

244 1815 299 1860 rex
321 1797 484 1879 ingentem
507 1799 681 1864 exereitum
695 1797 978 1882 Langobardorum
994 1799 1035 1864 ad
1050 1797 1274 1866 Veneticomm
1290 1799 1493 1893 provinciam

244 1899 430 1981 capiendam
462 1904 631 1982 promovit.
663 1901 723 1979 Qui
755 1919 824 1966 eum
848 1919 964 1983 magna
986 1901 1175 1970 difficultate
1197 1908 1327 1984 portus,
1358 1903 1412 1984 qui
1435 1899 1481 1966 di·

242 2005 356 2070 vidunt
378 2005 550 2070 insularum
574 2006 692 2089 littora,
716 2005 1106 2100 pertransissetptandem
1129 2006 1170 2070 od
1194 2007 1351 2088 quendam
1366 1983 1480 2083 ledum,

243 2107 296 2189 qui
326 2106 452 2174 Albiola
482 2115 628 2194 vocatur,
662 2110 825 2192 pervenit,
859 2108 948 2174 nulla
979 2110 1103 2176 ratione
1131 2109 1261 2175 inantea
1290 2109 1482 2192 pertendere

243 2230 388 2306 gressum
411 2212 520 2276 valuit.
555 2213 667 2295 Ibique
689 2212 802 2290 duces,
834 2212 943 2294 stipati
966 2230 1082 2292 magna
1105 2211 1330 2278 veneticorum
1353 2211 1481 2294 expedi-

243 2316 328 2381 tione
358 2315 494 2382 eundem
524 2335 631 2400 regem
659 2315 813 2381 audacter
842 2316 985 2399 aggressi
1016 2320 1107 2398 sunt3
1138 2325 1170 2382 et
1200 2315 1348 2381 divinitus
1372 2315 1481 2380 datum

244 2423 296 2484 est
316 2419 469 2485 veneticis
491 2420 531 2484 de
554 2419 686 2486 inimicis
707 2418 918 2502 triumphum3
942 2419 1049 2500 sieque
1066 2405 1233 2500 'prediatus
1255 2436 1311 2483 rex
1334 2417 1483 2484 confusus

242 2523 451 2589 recessit...
475 2523 578 2604 Igitur
600 2541 682 2589 anno
706 2523 935 2588 incarnacionis
958 2522 1169 2605 redemptoris
1191 2523 1293 2588 nostri
1315 2522 1407 2604 (810)
1431 2522 1482 2587 Ρ1-

242 2625 335 2709 pinos
351 2645 406 2694 rex
421 2625 568 2709 deposuit
587 2625 762 2711 hominem3
787 2631 821 2692 et
843 2625 1187 2708 consanunopolitani
1210 2625 1306 2706 missi,
1331 2625 1385 2708 qui
1407 2630 1484 2691 tune

243 2730 285 2796 ad
308 2749 379 2798 eum
402 2727 570 2814 legationis
593 2730 891 2815 consoranensis,
914 2735 1038 2797 mortuo
1060 2729 1129 2812 ipso
1151 2730 1271 2796 reversi
1293 2734 1377 2796 sunt.

328 2855 473 2916 Johonnis
489 2855 590 2917 olrron.
606 2860 704 2917 venet.
725 2856 813 2914 Perta
829 2853 881 2915 SS.
898 2853 966 2926 VII,
992 2855 1128 2914 14-15,
1151 2853 1187 2913 Α.
1205 2853 1350 2914 Danduli:
1378 2853 1486 2913 ohron.

286 2943 384 3002 venet.
402 2941 453 3001 sd.
468 2941 609 3001 lloratori
626 2943 692 3018 XII,
718 2942 791 3002 258.
819 2939 863 3002 ss.
881 2940 1035 3002 Constant.
1058 2940 1203 3016 porphyr.
1219 2941 1257 3001 da
1273 2939 1351 3000 adm.
1369 2939 1437 3015 imp.
1454 2957 1481 3001 a.

288 3029 339 3106 28,
356 3045 386 3103 p.
405 3028 593 3088 tas—4011.
610 3028 704 3088 Boon.

839 3235 888 3298 13.

241 3320 297 3380 lure
312 3319 351 3381 tn

244 3437 377 3502 Carolus
399 3439 581 3521 legationem
611 3439 705 3504 mittit
729 3439 773 3502 od
794 3436 1003 3522 Nicephorum
1027 3439 1134 3524 „pocla
1155 3438 1387 3521 oonfirrnoadoe
1406 3459 1481 3524 pro-

242 3542 316 3605 tio“.
341 3540 466 3625 Bootes,
489 3563 588 3626 nuper
611 3543 678 3608 due
706 3541 905 3608 Venetiaram
929 3543 1104 3627 (soe-9),
1127 3543 1200 3608 emal
1221 3540 1377 3607 Joderom
1391 3545 1480 3628 petit.

284 3662 440 3729 Absoluta
471 3669 567 3744 atque
599 3663 729 3730 dimisso
761 3663 886 3730 Arsafio
921 3664 1084 3746 spathario
1107 3664 1234 3731 -hoe
1265 3668 1337 3731 erat
1366 3682 1481 3732 nomeu

242 3767 349 3847 legato
379 3765 511 3831 Nieitori
542 3768 743 3848 imperatoris
766 3804 806 3814 —
831 3766 973 3835 eiusdem
1003 3769 1091 3849 pacis
1123 3767 1358 3834 confirmandae
1379 3768 1482 3850 gratia

240 3869 339 3953 legati
363 3868 670 3951 Constantinopolim
694 3871 734 3936 ab
757 3865 949 3952 imperatore
964 3871 1143 3946 mittuntur,
1167 3867 1289 3938 Haido¹
1313 3873 1482 3953 episeopus

239 3972 418 4040 Basiensis²
441 3979 474 4037 et
494 3971 610 4054 Hugus
633 3991 740 4039 eomes
765 3973 940 4040 Toronieus
963 3980 996 4040 et
1019 3974 1078 4040 Aio
1102 3974 1334 4056 Langobardos
1358 3975 1399 4040 de
1419 3975 1482 4041 Fo-

239 4077 372 4155 roiulii‚³
394 4081 427 4142 et
458 4095 527 4142 cum
559 4077 604 4143 eis
634 4076 700 4142 Leo
731 4063 859 4160 quidam
888 4077 1088 4160 spatharius,
1120 4077 1248 4144 natione
1278 4076 1418 4157 siculus,
1450 4083 1484 4144 et

242 4179 375 4258 willeri,
400 4180 463 4244 dux
485 4179 720 4260 veneticorum,
745 4199 879 4264 quorum
902 4181 985 4248 alter
1007 4187 1081 4248 ants
1104 4199 1205 4248 annos
1229 4181 1337 4248 deosrn
1361 4179 1483 4249 Romae

239 4283 279 4348 ad
302 4284 537 4370 imperatorem,
562 4303 632 4349 eum
655 4285 699 4349 ibi
715 4290 812 4362 esset,
838 4283 878 4350 de
894 4283 1001 4351 Sieilia
1016 4283 1167 4367 profugit,
1191 4290 1225 4350 et
1239 4287 1342 4351 redire
1358 4286 1480 4352 volens.

240 4387 373 4472 patriam
397 4388 585 4466 remittitur3
614 4387 697 4454 alter
718 4394 852 4470 propter
875 4388 1039 4470 perfidiam
1063 4388 1183 4458 honore
1205 4389 1369 4470 spoliatus,
1395 4387 1478 4457 Con·

240 4490 477 4571 stantiuopolim
500 4491 541 4555 ad
565 4492 725 4557 dominum
748 4510 840 4556 suum
863 4491 936 4557 duci
958 4493 1093 4559 iubetur.

324 4615 465 4713 Einhardi
481 4616 603 4678 annales
617 4617 705 4677 Perta
720 4617 745 4696 1,
764 4619 834 4680 198.
857 4617 991 4678 Enhardi
1005 4617 1162 4679 Foldensis
1173 4616 1294 4677 annales
1310 4619 1349 4680 ib.
1363 4619 1386 4699 1,
1403 4619 1477 4696 355,
