3572 5276
328 339 392 406 los

328 545 436 612 mento
467 541 551 610 forre
581 557 639 624 per
667 539 807 607 medinm
835 557 963 624 passum
993 557 1028 606 se
1059 538 1262 606 subharravit.
1301 540 1393 618 Quod
1421 538 1566 607 homines

329 645 467 716 ciuitatis
489 646 653 730 uidentes,
677 644 774 711 nimio
803 643 917 711 timore
945 642 1106 728 pertarid,
1139 663 1233 726 quam
1255 643 1425 726 plurimum
1448 648 1571 709 metue·

327 753 424 830 bant;
447 751 629 816 tractabant
650 753 758 814 tamen
781 749 865 814 inter
887 765 932 830 se,
968 747 1045 829 quid
1066 747 1176 814 utilius
1198 751 1285 814 esset
1307 748 1367 814 sibi
1390 747 1432 815 ad
1453 746 1569 812 facien-

329 856 422 920 dum:
456 872 498 920 an
528 852 651 918 scilicet
683 851 768 917 illius
802 852 907 934 gentis
937 869 972 917 se
1002 851 1077 934 iugo
1108 851 1296 930 subicerent,
1328 869 1369 918 an
1399 851 1571 934 pugnando

329 959 448 1026 domini
470 957 577 1038 potius
602 953 810 1036 implorarent
832 953 993 1034 auxilium,
1016 961 1054 1019 ut
1074 955 1144 1036 ipse
1171 955 1418 1023 misericorditer
1440 955 1481 1020 de
1503 959 1570 1019 tam

329 1060 422 1146 grand
443 1059 596 1144 periculo,
627 1057 712 1140 quod
736 1057 899 1135 timebant,
935 1059 1124 1140 dignaretur
1146 1059 1280 1140 eripere,
1311 1059 1366 1141 qui
1388 1060 1489 1126 elatos
1511 1058 1570 1125 hu-

330 1165 430 1231 miliat
451 1157 484 1228 ct
506 1162 652 1246 humiles,
687 1161 728 1228 de
750 1181 785 1228 se
808 1160 1016 1242 confidentes,
1039 1163 1226 1231 mirabiliter
1248 1164 1378 1230 exaltat.
1415 1163 1479 1230 Ubi
1503 1166 1571 1245 qni-

331 1269 403 1336 dam
438 1267 566 1334 diuinus
599 1265 731 1348 spiritus
761 1265 904 1348 predicto
936 1268 1085 1348 episcopo
1119 1267 1292 1349 inspiratus
1322 1269 1468 1335 omnibus
1492 1266 1572 1333 dixit

330 1371 529 1437 astantibus:
564 1367 765 1450 „honorifica
796 1369 952 1450 inquiens,
982 1375 1016 1435 et
1045 1375 1231 1437 reuerenter
1265 1376 1408 1438 extracto
1449 1371 1570 1452 pretio-

330 1475 446 1542 sissimi
476 1473 623 1557 martyris
649 1471 839 1540 christofori
862 1473 974 1557 capite,
1005 1472 1188 1539 deferamus
1219 1472 1298 1540 illud
1328 1475 1360 1539 in
1383 1475 1507 1558 turrim,
1535 1479 1572 1540 nt

329 1581 408 1662 ipse,
443 1576 639 1644 misericordi
673 1576 706 1639 in
740 1576 830 1642 cuius
864 1575 1049 1642 confidimus
1081 1577 1217 1659 auxilio,
1247 1596 1307 1660 pro
1336 1578 1428 1645 nobis
1462 1581 1573 1645 contra

330 1681 473 1748 inimicos
505 1681 622 1748 debeat
651 1679 790 1765 probari,
826 1698 864 1746 ao
898 1681 989 1746 nobis
1020 1699 1039 1746 a
1072 1681 1133 1748 deo
1168 1682 1335 1747 uictoriam
1367 1680 1570 1763 impactam!

330 1786 400 1865 Quo
434 1784 543 1852 audito
577 1783 727 1868 consilio,
763 1783 866 1850 clerus
901 1785 1042 1851 ciuitatis
1078 1801 1149 1850 cum
1178 1785 1338 1852 uniuersis
1374 1785 1497 1852 ciuibus
1531 1785 1572 1850 ad

332 1893 442 1957 sancte
478 1887 530 1954 dei
558 1886 722 1970 genitricis
754 1886 935 1953 ecclesiam⁴
964 1905 1035 1952 cum
1065 1887 1186 1970 ingenti
1219 1888 1322 1955 letitia
1355 1893 1571 1973 cucurrerunt,

331 2009 370 2058 ac
402 1994 596 2058 ueneranter
635 1989 867 2071 pretiosissimo
900 1991 1049 2073 martyris
1081 1989 1269 2074 christofori
1303 1991 1424 2073 capite⁶
1459 1991 1569 2058 ablato

331 2113 403 2162 cum
433 2093 558 2176 hymnis
591 2093 721 2160 letaniis
757 2099 790 2159 et
820 2093 1018 2160 orationibus
1050 2099 1203 2177 ceperunt
1225 2095 1347 2178 magnis
1378 2093 1510 2161 uocibus
1532 2093 1573 2160 nd

331 2199 493 2265 dominum
512 2195 718 2278 proclamare,
743 2201 901 2277 quatenus
924 2215 979 2264 eos
994 2199 1116 2263 meritis
1138 2197 1226 2264 beati
1242 2195 1431 2265 christofori
1452 2202 1572 2278 marty-

330 2301 375 2369 ris
398 2321 418 2366 a
440 2300 584 2383 potentia
614 2300 699 2366 illius
722 2298 827 2383 gentis
851 2300 965 2367 celitus
989 2302 1129 2383 eriperet
1152 2319 1189 2366 ac
1212 2301 1384 2368 salubriter
1411 2301 1572 2368 liberaret.

330 2403 426 2471 Unde
457 2403 504 2471 ita
535 2403 655 2471 factum
688 2408 747 2486 est,
782 2403 866 2485 quod
901 2421 972 2470 cum
995 2403 1079 2479 idem
1101 2404 1275 2487 pretiosum
1297 2411 1394 2487 caput
1422 2403 1572 2487 martyris

331 2505 523 2576 christofori
556 2526 654 2588 supra
674 2507 788 2573 turrim
803 2507 909 2574 extitit
929 2513 1117 2576 reuerenter
1132 2508 1329 2589 collocatum,
1353 2508 1462 2575 hostes
1477 2507 1574 2573 chum

329 2611 469 2695 lapidem
501 2610 720 2692 proiecerunt;
755 2612 841 2692 quod
873 2611 934 2677 fuit
963 2612 1108 2679 mirabile
1130 2617 1164 2677 et
1185 2612 1398 2680 admiratione
1431 2609 1570 2693 dignum¹
1611 2629 1636 2694 j

331 2716 435 2784 dictus
459 2713 543 2782 enim
571 2713 655 2796 lapis
686 2719 808 2781 tantam
832 2714 1033 2782 altitudinem
1055 2715 1157 2797 petiit,
1181 2722 1220 2781 ut
1247 2714 1334 2782 ferre
1356 2715 1398 2784 ab
1428 2713 1574 2781 humanis
1655 2715 1663 2728 '

331 2818 512 2902 aspectibus
534 2837 570 2885 se
591 2819 803 2902 subtraheret,
827 2837 866 2884 ac
887 2826 1055 2887 reuertens
1082 2839 1180 2900 mare,
1202 2821 1347 2888 hostibus
1370 2819 1575 2886 circumstan-

331 2923 427 3001 tibus,
451 2921 484 2988 in
507 2922 612 2990 medio
635 2922 729 2989 uallis
751 2923 925 2992 orribiliter
946 2923 1112 3006 percussit.
1136 2924 1185 2991 De
1209 2931 1315 2990 cetero
1337 2941 1424 3002 sane,
1449 2941 1488 2988 ex
1511 2939 1575 3003 quo

331 3026 479 3109 martyris
506 3023 625 3092 christi
655 3031 752 3108 caput
773 3027 806 3091 in
828 3027 914 3093 dictu
935 3025 1017 3092 turri
1050 3028 1225 3108 repositum
1247 3025 1317 3103 fuit,
1340 3044 1400 3092 nec
1429 3024 1576 3091 machina

331 3147 390 3198 nec
412 3130 529 3212 sagitte
548 3147 607 3196 nec
629 3131 736 3212 aliqua
757 3130 937 3198 huiusmodi
960 3135 1157 3198 armamenta
1178 3135 1353 3213 potuerunt
1376 3128 1575 3196 Arbensibus

331 3233 470 3316 aliquam
502 3233 655 3300 lesionem
689 3233 849 3316 infligere;
885 3235 981 3301 immo
1014 3239 1048 3300 et
1069 3236 1096 3301 si
1130 3234 1289 3317 sagittarii
1311 3233 1502 3318 sagitahant,
1534 3233 1577 3300 ad

331 3336 469 3416 eosdem,
494 3336 649 3418 aquibus
678 3337 886 3418 laetabantur,
917 3357 1059 3420 reuersa,
1092 3337 1164 3406 illos
1199 3337 1421 3405 uolnerabant
1452 3335 1576 3404 Videns

330 3444 439 3507 autem
472 3440 535 3505 dux
571 3439 657 3506 illius
691 3441 796 3522 gantis
827 3447 861 3509 et
894 3441 1034 3521 audiens,
1072 3442 1159 3524 quod
1192 3441 1315 3508 scilicet
1348 3440 1471 3507 meritis
1493 3440 1575 3505 deus

331 3542 420 3608 beati
443 3540 632 3609 christofori
654 3562 745 3610 auam
768 3545 943 3626 potentiam
965 3547 1153 3613 miraculose
1169 3545 1203 3610 in
1220 3564 1255 3610 se
1269 3544 1462 3624 ostenderet,
1486 3543 1576 3624 geni-

330 3646 391 3711 bus
414 3642 504 3711 flexis
525 3651 559 3712 et
579 3645 667 3711 humi
690 3654 810 3715 stratus
833 3665 906 3714 cum
927 3650 1078 3717 uniuerso
1101 3667 1158 3716 suo
1183 3649 1323 3716 exercitu
1347 3647 1467 3713 christi
1492 3665 1576 3712 mar·

334 3754 438 3830 tyram
463 3746 694 3816 christoforum
728 3751 889 3818 humiliter
912 3753 1070 3819 adorauit.
1095 3751 1215 3834 Sicque
1239 3753 1332 3834 culpa
1353 3769 1412 3818 sua
1439 3748 1575 3832 cognita,

332 3870 370 3918 ac
393 3870 462 3917 cum
498 3851 694 3920 Arbensibus
728 3873 807 3936 pace
831 3857 1015 3938 composita,
1040 3856 1135 3922 rediit
1167 3875 1238 3928 cum
1272 3856 1338 3923 suis
1368 3855 1409 3921 ad
1436 3854 1575 3936 propria.

332 3954 401 4022 Nec
424 3974 487 4024 non
510 3957 580 4024 uiso
602 3963 691 4024 tanto
723 3959 876 4027 miraculo
909 3960 1068 4026 domiuum
1098 3959 1368 4042 glorificauerunt,
1403 3959 1458 4039 qui
1480 3955 1576 4024 confi-

332 4059 443 4128 dentes
473 4060 506 4126 in
538 4078 573 4127 se
608 4062 740 4129 adiuuat
770 4069 803 4130 et
832 4063 972 4147 protegit
993 4068 1138 4146 tempore
1169 4067 1336 4146 oportuno.
1376 4061 1578 4144 Quapropter

331 4163 494 4246 predictus
525 4165 691 4248 episcopus
722 4167 787 4234 suis
812 4167 948 4234 subditis
971 4166 1167 4234 Arbensibus
1191 4166 1358 4246 ordinauit,
1375 4171 1411 4231 ut
1433 4183 1503 4232 nra
1524 4166 1579 4232 die

291 4289 294 4297 ·
333 4267 451 4333 mensis
475 4266 569 4333 madii
593 4268 758 4336 uictoriam
780 4271 957 4353 predictam
970 4271 1086 4339 deuote
1110 4275 1144 4336 et
1163 4276 1347 4338 reuerenter
1365 4269 1573 4350 celebrarent,

334 4371 420 4452 quod
440 4388 541 4453 usque
562 4371 595 4438 in
617 4371 806 4441 hodiernum
827 4373 921 4455 diem,
945 4379 981 4441 ut
1001 4381 1100 4457 patet,
1124 4393 1144 4442 a
1166 4373 1287 4442 cunctis
1310 4373 1509 4442 obseruator.

418 4511 562 4572 Miracnla
584 4529 607 4574 s.
633 4513 822 4592 christofori,
854 4516 1022 4593 conscripta
1053 4534 1080 4578 a.
1116 4517 1197 4576 1308
1223 4515 1261 4576 ab
1288 4514 1427 4593 episcopo
1458 4515 1577 4576 arbensi

379 4593 520 4676 Georgia,
546 4604 654 4683 „prout
669 4599 698 4662 in
714 4600 842 4664 historiis
858 4602 985 4680 antiquis
1001 4619 1071 4666 sca
1090 4601 1254 4665 senioribus
1272 4601 1385 4664 ciuibus
1408 4601 1531 4683 legisset
1545 4605 1577 4663 at
