3602 5304
1365 433 1426 496 209

103 699 106 706 .
191 641 336 724 perpetui
365 639 575 708 anathematis
610 657 759 704 mucrone
792 637 979 704 afidelium
1012 639 1172 706 consortio
1208 637 1426 716 detruncauit;

193 745 298 810 Vllum
329 763 423 823 uero,
455 743 536 810 tanti
568 743 697 810 sceleris
725 743 924 810 inuentorem
957 743 1102 825 tantique
1132 747 1270 808 satorem
1303 742 1431 820 erroris,

195 867 292 931 usque
307 848 482 932 ‘Spalatum
498 846 582 913 trahi
596 847 699 914 iussit.
724 845 788 912 Ubi
804 853 998 930 congregata
1010 847 1130 929 synodo
1143 847 1278 912 eundem
1291 847 1431 930 iniquum

194 954 415 1036 presbyterum
446 951 486 1018 ab
509 953 593 1018 omni
617 951 729 1016 ordine
752 950 889 1016 clericali
914 951 1061 1033 deponit,
1085 950 1258 1032 multisque
1284 949 1432 1016 affectum

192 1055 388 1134 uerberibus,
412 1061 524 1120 atoneo
548 1055 661 1136 eapite,
684 1053 799 1120 adusta
822 1056 972 1135 stigmate
995 1053 1109 1131 fronte,
1134 1053 1216 1146 sicut
1231 1071 1315 1136 papa
1330 1051 1432 1119 insse·

192 1167 249 1237 rat,
273 1165 428 1241 perpetuo
452 1177 579 1226 carcere
603 1158 729 1224 detrudi
752 1157 837 1223 16611..

233 1264 296 1332 Sed
321 1282 391 1328 cum
414 1263 593 1330 malesanus
617 1261 748 1328 Oededa
762 1263 940 1346 abinceptu
961 1263 1143 1328 temeritate
1159 1261 1338 1328 nullatenus
1354 1261 1432 1329 resi-

191 1369 336 1452 pisceret,
360 1368 523 1450 multaque
545 1367 685 1433 scandali
710 1368 844 1432 ruat-eris
866 1372 1036 1449 propterea
1051 1376 1182 1449 propter
1199 1371 1300 1449 ipsum
1316 1368 1349 1432 in
1365 1371 1432 1433 toto

192 1490 290 1554 regno
322 1471 435 1538 luisset
464 1477 591 1538 exorta:
624 1478 829 1553 praeceptum
853 1479 902 1538 est
927 1492 946 1538 6
970 1489 1091 1536 summo
1121 1471 1279 1553 66611666,
1311 1477 1434 1536 uttam

191 1579 222 1642 in
244 1593 371 1641 romanu
405 1593 498 1656 quum
524 1577 554 1639 16
579 1575 739 1656 spoletina
770 1575 903 1642 ecclesia
925 1583 958 1642 et
980 1593 1037 1657 per
1063 1581 1206 1642 cunctam
1240 1575 1433 1657 prouinciam

192 1680 340 1748 solemnis
371 1678 648 1744 anathematizatio
676 1677 768 1744 lieret
790 1697 886 1760 super
909 1698 991 1745 eum.
1023 1677 1116 1758 Quod
1139 1697 1209 1746 cunr
1241 1679 1360 1745 Romae
1383 1679 1433 1744 bis

192 1790 224 1850 ct
247 1785 278 1850 in
303 1783 464 1864 spalatina
485 1781 606 1866 synodo
628 1782 731 1850 tribua
753 1783 878 1849 uicibus
900 1783 1018 1848 lactum
1041 1781 1172 1862 fuisset,
1204 1802 1277 1850 ecce
1301 1789 1433 1865 repente

192 1888 299 1952 diuina
322 1887 400 1954 ultio
423 1887 627 1953 manifestata
648 1893 707 1954 est.
731 1886 813 1953 Nam
837 1905 907 1952 cum
930 1887 1009 1952 nihil
1024 1886 1195 1970 languoris,
1220 1887 1360 1970 nihilque
1377 1887 1433 1953 do·

192 1992 267 2059 loris
291 1991 322 2056 ia
343 2009 476 2073 corpore
497 1997 679 2073 pateretur,
704 2008 865 2056 secessum
888 1991 981 2073 petiit
1011 2010 1049 2057 ex
1076 1993 1219 2058 coniecta
1246 1993 1434 2058 necessitate

191 2107 334 2173 naturae,
359 2095 467 2176 ibique
490 2095 658 2160 subitaneo
681 2094 978 2176 dolorecorreptus,
1002 2094 1156 2162 eunlaisa
1178 2113 1310 2176 corpore
1331 2095 1432 2161 uisce-

192 2200 279 2264 ribus
309 2198 416 2263 omnia
443 2199 593 2264 intestina
618 2198 650 2262 in
682 2215 842 2264 secessum
872 2197 993 2266 effudit.
1036 2198 1081 2264 Et
1108 2201 1154 2265 sic
1182 2199 1276 2264 horuo
1307 2199 1433 2280 impius

192 2303 332 2369 66166666
355 2303 497 2368 imitatus
514 2300 688 2386 perfidiam,
712 2302 795 2368 iusto
812 2303 864 2368 dei
879 2302 994 2368 iudicio
1010 2302 1221 2386 ignominiosa
1244 2301 1310 2368 Arii
1333 2309 1436 2370 morte

193 2407 361 2474 damnatus
383 2410 443 2473 est.
559 2405 593 2480 ff

216 2509 297 2576 'His
319 2510 366 2576 ita
387 2511 486 2594 gestis
510 2509 655 2576 dominus
678 2527 763 2593 papa
784 2508 965 2576 Alexander
987 2509 1028 2576 de
1043 2509 1103 2576 hac
1117 2509 1188 2578 luce
1203 2511 1362 2596 migrauit,
1386 2511 1436 2578 coi

194 2616 387 2682 substitutus
410 2621 460 2682 est
481 2614 627 2681 dominus
648 2615 825 2697 Gregorius
848 2616 1012 2698 septimus.

278 2720 410 2782 Thomas
425 2720 536 2782 archid.
553 2723 659 2798 spalat.
676 2721 809 2782 Historia
824 2722 990 2782 salonitana
1005 2739 1031 2784 6.
1043 2720 1123 2782 XVI.
1140 2738 1169 2797 p.
1187 2723 1324 2782 323-4.
1341 2722 1389 2781 ed.
1405 2723 1432 2782 J.

234 2809 328 2869 Lucii.
683 2803 688 2814 '

277 2893 429 2971 synodum
452 2893 530 2954 hanc
551 2898 685 2970 tempore
706 2911 803 2971 papae
826 2893 989 2954 Alexandri
1012 2894 1058 2972 11,
1081 2893 1216 2970 adeoque
1242 2895 1318 2953 intra
1342 2871 1435 2954 annos

238 2982 464 3042 1061-1073
487 2981 665 3040 celebratam
682 2981 789 3052 luisse,
818 2982 926 3041 ultimis
942 2980 1118 3040 narrationis
1142 2981 1240 3040 verbis
1263 2979 1432 3041 edocemur.

237 3068 333 3141 Quum
348 3072 447 3128 tamen
463 3068 595 3144 legatum
610 3068 755 3127 ioannem
778 3069 868 3127 inisse
884 3067 1010 3127 eundem
1026 3071 1121 3126 virum
1144 3085 1202 3124 666
1220 3067 1330 3144 drubito,
1348 3085 1436 3142 quem

236 3155 360 3214 clericus
374 3154 504 3213 Joannes
521 3155 676 3213 comitatus
692 3159 739 3214 eet
753 3154 834 3231 (Vita
850 3171 874 3214 s.
890 3155 1013 3214 loannis
1035 3154 1166 3230 episcopi
1181 3159 1258 3228 trag.
1276 3172 1301 3214 6.
1319 3155 1343 3212 1.
1363 3155 1434 3214 Far-

237 3241 287 3298 lati
303 3239 356 3314 lv,
374 3239 466 3320 310),
478 3239 526 3300 hic
541 3257 611 3299 varo
627 3241 685 3299 iam
701 3257 778 3300 annu
800 3241 882 3300 1064
895 3241 1011 3318 (charta
1023 3257 1086 3300 nro.
1100 3241 1151 3316 46,
1165 3257 1193 3313 p.
1210 3238 1265 3318 63)
1278 3241 1436 3316 episcopua

236 3326 444 3402 Traguriensis
468 3326 710 3387 esaetz‘eandem
734 3327 878 3402 synodum
902 3329 990 3402 paulo
1014 3331 1083 3386 ante
1107 3344 1135 3387 a.
1156 3329 1237 3386 1064
1255 3327 1435 3387 celebratam

236 3413 326 3472 inisse
338 3417 464 3487 oportet.
479 3412 567 3472 Anno
579 3431 649 3472 vero
666 3415 746 3473 1063
760 3415 939 3473 celebratam
951 3413 1041 3472 inisse
1054 3412 1209 3471 deducitur
1221 3413 1337 3490 exinde,
1355 3413 1435 3488 quod

237 3499 340 3559 666166]
360 3501 400 3556 12
416 3497 500 3558 annis
515 3504 584 3558 ante
599 3501 740 3570 alteram,
765 3517 842 3574 quae
857 3505 937 3560 certe
953 3517 980 3558 a.
1000 3500 1081 3558 1075
1103 3500 1268 3575 tenebatur,
1286 3500 1437 3560 celebrata

236 3585 325 3644 foisse
341 3585 456 3644 dicatur
472 3585 513 3663 (v.
529 3603 575 3647 nr.
591 3581 669 3667 aeq).
686 3587 795 3645 Rerum
812 3587 911 3660 itaque
924 3584 996 3644 ordo
1009 3583 1146 3660 opinione
1158 3589 1259 3644 nostra
1271 3585 1326 3644 init
1338 3586 1435 3646 hicce:

237 3671 377 3748 synodus,
394 3671 424 3729 iu
436 3688 495 3746 qua
511 3673 600 3730 latum
613 3671 668 3730 suit
679 3673 839 3748 capitulum
851 3673 888 3731 de
901 3671 1078 3730 eliminanda
1094 3689 1109 3730 6
1122 3673 1214 3730 sacris
1228 3673 1328 3748 lingna
1339 3673 1436 3732 eleve-

235 3758 368 3836 nicclnr.
381 3753 467 3840 164),
479 3758 686 3817 celebrabatur
694 3773 772 3819 anno
785 3759 1008 3833 1069-1060,
1017 3757 1241 3832 quaterminata
1251 3759 1278 3816 in
1292 3759 1434 3834 vegliensi

236 3845 396 3921 praecipue
409 3845 536 3904 dioecesi
546 3843 650 3904 seditio
661 3849 727 3903 orta
736 3847 790 3920 666,
804 3843 842 3903 ad
855 3861 944 3918 quam
957 3843 1119 3904 sedandam
1131 3861 1208 3918 papa
1222 3844 1393 3904 Alexander
1405 3843 1435 3904 11

237 3933 362 4006 primum
375 3931 488 3991 litteras
498 3931 509 4010 l
510 3929 581 3991 ibid.
595 3930 638 4010 2),
652 3930 757 4004 quibus
769 3931 889 3991 decreta
901 3930 1037 4006 synodis
1052 3929 1283 4004 praedecessore
1298 3948 1351 3990 sno
1364 3949 1434 3990 con·

236 4016 353 4078 6666666
364 4019 515 4094 obseruari
529 4019 620 4092 iussit,
635 4013 823 4100 (1061-2),
835 4017 901 4076 (1616
914 4019 1046 4094 legatum
1058 4017 1200 4077 loannem
1215 4017 1331 4077 direxit.
1349 4017 1436 4090 Quod
1525 4021 1526 4028 ’

237 4105 356 4164 undem
367 4103 619 4180 huiusperscnam
635 4104 746 4180 attinet,
763 4104 842 4164 hunc
856 4104 1001 4164 Joaunem
1014 4108 1084 4180 puto
1097 4101 1187 4164 soleae
1204 4102 1382 4162 cardinalem
1401 4105 1435 4170 tt

236 4191 289 4249 tuli
306 4207 329 4250 s.
343 4189 456 4250 Mariae
469 4196 549 4249 trane
561 4191 703 4266 Tiberim,
717 4191 761 4250 cui
773 4197 803 4250 et
812 4189 941 4250 Minutas
953 4208 1059 4250 nomen
1069 4193 1142 4268 erat,
1157 4190 1206 4264 qui
1225 4191 1322 4249 bullae
1337 4207 1436 4265 papae

235 4275 398 4335 Alexandri
414 4276 453 4355 11,
470 4276 561 4336 editas
586 4279 626 4336 10
643 4276 711 4335 maii
739 4279 820 4338 1067
839 4276 944 4354 (iasa
969 4282 1089 4352 regesta
1113 4275 1217 4352 pontii.
1238 4293 1310 4334 rom.
1327 4294 1356 4351 p.
1374 4251 1436 4336 sse

237 4364 306 4423 item
323 4379 368 4423 nr.
394 4361 492 4442 3424)
508 4363 685 4422 monasterio
701 4363 862 4438 casinensi,
887 4364 1063 4438 subscripsit
1078 4363 1186 4438 quique
1207 4362 1310 4422 eodem
1327 4379 1439 4421 annos

237 4447 375 4525 pontifice
387 4466 446 4508 una
461 4467 526 4508 cum
542 4449 705 4523 Mainard0‚
723 4451 781 4508 iam
797 4449 907 4524 Sylvae
924 4449 1068 4510 candidae
1084 4449 1232 4525 episcopo,
1249 4450 1366 4524 legatus
1377 4448 1438 4508 hle-

238 4535 387 4595 diolauum
403 4535 533 4596 mittitur.
551 4535 722 4614 (Muratoris
739 4535 846 4611 Sroipt.
863 4552 921 4595 rer.
938 4536 1000 4595 ital.
1017 4535 1068 4612 1v,
1086 4533 1239 4616 31-33).

237 4651 242 4682 ¹
260 4650 304 4708 Sc.
324 4651 489 4722 spalatensis
508 4667 521 4706 a
539 4650 604 4706 nodi
622 4651 656 4705 de
674 4667 730 4706 non
748 4649 917 4706 admittenda
933 4651 1027 4720 lingua
1045 4651 1191 4718 elorenica,
1215 4649 1284 4705 Vide
1303 4652 1440 4714 666164.

199 4717 235 4774 ²1.
245 4736 268 4775 e.
279 4718 344 4777 wlf.
356 4717 440 4789 well,
450 4667 597 4790 Wolffiauq
606 4720 659 4790 (ur.
671 4723 743 4791 166),
752 4721 869 4776 aaaron
879 4735 894 4774 e
904 4721 992 4776 uicina
1002 4721 1163 4790 aquileiensi
1173 4721 1321 4792 prouincia.
1360 4719 1371 4751 ⁸
1382 4717 1403 4774 1.
1416 4733 1441 4775 e.

1294 4813 1334 4874 14
