3604 5276
1410 355 1469 418 361

230 558 336 639 nopoli
360 576 379 624 a
402 556 580 624 Theodosio
605 555 778 639 spathario)
801 557 1026 640 Dyrohacium¹
1053 576 1154 640 usque
1177 559 1338 642 perducti,
1370 558 1471 642 negli-

232 667 409 743 genterque
433 661 501 726 sine
523 661 589 726 ulla
611 661 793 743 provisione
817 661 949 739 dimissi,
973 667 1047 744 post
1070 662 1138 728 dies
1154 663 1274 744 aliquot
1289 664 1476 745 navigantes

234 765 266 828 in
290 763 474 831 Sclavorum
499 763 628 831 deducti
650 783 773 848 manua,
798 764 998 849 prohdolor,
1023 766 1211 845 inciderunt,
1236 767 1392 849 bonisque
1409 787 1474 833 orn·

236 870 329 936 nibus
352 885 390 934 ac
413 867 611 950 authentico,
636 869 669 932 in
692 887 754 950 quo
778 869 1026 951 subscriptiones
1050 871 1187 936 omnium
1210 869 1347 949 fuerant,
1373 891 1474 938 exem-

233 973 331 1055 plari⁹
354 972 508 1038 denudati
529 979 619 1056 sunt3
643 973 765 1055 ipsique
788 975 996 1056 eapiteplexi
1020 973 1165 1056 fuissent,
1190 975 1251 1040 nisi
1274 977 1314 1042 ab
1337 976 1397 1054 his,
1421 978 1474 1058 qui

235 1098 272 1144 en
296 1077 357 1143 illis
381 1077 579 1160 aufugerant,
603 1077 663 1142 sibi
686 1078 874 1143 timuissent.
908 1077 1050 1143 Tandem
1074 1081 1273 1160 apostolicis,
1304 1081 1474 1162 imperiali-

237 1183 361 1264 busque
385 1183 501 1248 litteris
524 1183 564 1249 ab
587 1181 681 1249 exilio
704 1183 830 1248 liberati
854 1189 887 1248 et
909 1183 1074 1248 undecimo
1102 1184 1304 1249 calendarum
1328 1185 1474 1250 tannari-

236 1305 325 1351 arum
349 1286 409 1371 die,
433 1287 606 1353 indictione
630 1295 760 1368 quarta,
784 1286 918 1352 Romam
942 1288 1071 1372 reversi,
1096 1289 1200 1353 omnia
1224 1305 1305 1368 qnae
1328 1289 1474 1370 superius

237 1391 387 1470 dirimat,
420 1408 526 1456 eoram
550 1391 747 1458 sanctissimo
770 1409 891 1457 summo
915 1390 1064 1472 pontifice
1088 1409 1125 1455 ac
1147 1393 1331 1472 proceribus
1355 1392 1473 1457 retule-

236 1501 319 1572 runt,
343 1494 485 1576 nihilque
508 1494 593 1560 aliud
616 1495 860 1576 scripturarum,
893 1513 986 1576 quam
1009 1496 1124 1561 librum
1148 1497 1281 1561 actionis
1304 1496 1418 1579 Ignatii
1443 1505 1476 1562 et

236 1599 371 1678 libellos,
396 1617 475 1680 quos
500 1617 519 1663 a
542 1597 662 1664 Sclavis
685 1603 880 1682 receperant,
905 1605 939 1664 et
962 1600 1101 1680 reliquos
1126 1599 1266 1677 libellos²
1291 1619 1370 1681 quos
1394 1598 1475 1682 Sup-

236 1705 310 1784 poni
334 1703 566 1768 archiministro
584 1707 616 1767 et
631 1701 804 1769 Anastasio
827 1703 1075 1784 prudentissimo
1091 1702 1331 1769 bibliothecario
1347 1711 1476 1770 sanatae

236 1808 319 1873 sedis
351 1807 545 1888 apostolieae
576 1803 678 1891 (cuius
709 1808 939 1888 praescientiae
972 1806 1184 1872 sollicitudine
1216 1807 1377 1887 exemplar·
1408 1827 1474 1871 am-

230 1912 346 1977 missae
370 1911 490 1993 synodi,
516 1911 600 1992 quod
625 1911 685 1975 sibi
707 1911 908 1976 scribendum
925 1913 1159 1992 impetraverat,
1184 1911 1316 1977 ecclesia
1331 1911 1475 1976 Romana

233 2016 386 2096 suscepit)
420 2015 538 2080 dudum
572 2012 848 2096 Constantinopoli
873 2015 1189 2095 commendaverant,
1226 2017 1396 2082 ostendere
1419 2033 1475 2096 po·
1531 2067 1534 2076 .

231 2125 371 2185 tuerunt.

319 2243 388 2302 Vita
404 2243 548 2303 Hadriani
563 2245 593 2303 ll
609 2243 656 2303 ed.
672 2243 831 2303 Muratori:
848 2243 955 2319 Script.
972 2261 1030 2304 rer.
1048 2245 1106 2303 ital.
1124 2245 1178 2323 ΙΙΙ,
1197 2246 1268 2304 268.

320 2329 392 2390 Cum
409 2329 500 2405 legati
518 2331 574 2389 iam
591 2330 640 2389 die
657 2331 696 2388 22
714 2331 778 2390 dec.
796 2331 859 2390 870
874 2331 986 2390 Romae
1001 2336 1116 2409 essent,
1140 2331 1196 2406 ipsi
1212 2330 1308 2406 pridie
1325 2331 1354 2389 in
1370 2329 1475 2390 Siara·

276 2433 378 2474 norum
395 2431 497 2475 manus
513 2417 634 2478 deducti
650 2421 726 2478 sunt.

273 2532 278 2560 ¹
310 2530 350 2586 ed.
375 2531 509 2588 Muratori
542 2533 622 2602 legit:
656 2532 918 2603 „ncodyrcharium
949 2532 977 2586 in
1008 2533 1096 2588 locum
1129 2549 1161 2597 „a
1192 2549 1244 2602 quo
1275 2531 1475 2602 dyrcnaciuml.

232 2619 242 2648 ²
260 2618 366 2673 concilii
385 2619 680 2690 constantinopolitani,
700 2618 771 2688 quod
790 2634 813 2674 a.
832 2620 883 2675 869
902 2618 946 2675 die
965 2623 981 2675 5
999 2619 1118 2676 octobris
1137 2626 1260 2690 apertum
1280 2625 1328 2674 est.

840 2852 870 2911 2.

235 2933 257 2994 l.
273 2933 313 2994 tri.

231 3039 388 3110 Patricius
412 3043 554 3131 Nicetes,
572 3047 741 3130 repereram
759 3046 994 3131 pontificiorum
1016 3047 1222 3130 captivitatem
1247 3045 1471 3120 uindicaturus,

564 3149 781 3230 „sclaveniam
806 3159 923 3216 terram
946 3151 1138 3236 apprestitum

276 3269 478 3352 Lodoguicus
503 3272 609 3337 divina
633 3273 800 3340 ordinante
824 3274 1025 3355 providentia
1048 3274 1221 3355 imperator
1244 3280 1397 3356 augustus
1413 3273 1477 3338 Ro-

234 3391 400 3440 manorum
424 3375 628 3444 dilectissimo
652 3377 872 3460 spiritualique
903 3379 994 3448 botri
1017 3385 1126 3446 nostro
1149 3378 1284 3458 Basilio,
1316 3377 1477 3459 gloriosis-

231 3477 309 3544 simo
342 3497 379 3544 ac
409 3481 570 3562 piissimo,
603 3487 699 3563 atque
729 3482 913 3565 imperatori
929 3476 1045 3549 ¹'nouae
1072 3482 1193 3548 Romae
1213 3533 1219 3546 .
1238 3533 1271 3547 ..
1307 3481 1478 3548 Caeterum

231 3581 444 3650 fraternitatis
472 3590 547 3652 tuae
577 3586 777 3653 dilectionem
812 3605 976 3670 rogamus,
1009 3586 1127 3652 nullam
1160 3585 1294 3651 Nicetae
1329 3587 1477 3668 patricio²

234 3686 410 3752 molestiam
432 3689 575 3770 irrogare
598 3707 656 3770 pro
680 3707 727 3768 eo,
752 3691 836 3770 quod
860 3697 1001 3756 nostrum
1026 3695 1089 3755 tam
1114 3690 1287 3756 insolenter·
1310 3689 1479 3756 offenderit

235 3791 380 3855 animum.
405 3790 487 3856 Nam
511 3791 587 3858 licet
609 3794 688 3859 adeo
712 3799 878 3875 protervus
896 3801 928 3860 et
944 3800 1110 3861 contumax
1127 3814 1204 3876 erga
1218 3801 1362 3859 nostrum
1383 3793 1481 3858 luerit

231 3893 416 3974 imperium,
450 3902 485 3960 ut
513 3895 653 3963 fidelium
685 3915 811 3979 quoque
841 3905 1021 3966 nostrorum
1054 3917 1225 3964 numerosa
1246 3897 1415 3962 multitudo
1446 3897 1478 3962 in

243 4015 313 4062 eum
338 4001 498 4066 severiore
520 4007 625 4068 mente
648 4008 908 4088 commoreretur,
931 4002 991 4068 nisi
1007 4023 1026 4069 a
1041 4005 1142 4083 nobis,
1167 4022 1264 4068 causa
1286 4004 1332 4068 tui
1348 4002 1476 4067 honoris

235 4103 354 4183 pariter
376 4109 411 4169 et
433 4105 548 4170 amoris
572 4113 754 4187 praeventa,
780 4115 1040 4188 compesceretur,
1063 4114 1168 4174 tamen
1188 4107 1305 4171 malum
1321 4123 1378 4186 pro
1394 4104 1476 4169 niolo

233 4207 412 4273 retribuere
435 4227 499 4275 uon
521 4209 661 4290 tulimus,
685 4228 744 4276 nec
766 4211 919 4276 debemus
938 4263 944 4277 .
963 4263 994 4276 ..

275 4307 348 4376 Non
371 4317 477 4376 autem
498 4313 709 4394 apocrisarios
726 4312 920 4394 apostolicae
937 4313 1021 4379 sedis
1038 4333 1118 4391 esse,
1142 4314 1193 4378 vel
1210 4312 1364 4393 professio
1381 4312 1475 4377 docet

231 4413 282 4478 rel
306 4413 442 4480 eruditio
467 4416 565 4480 dictat
601 4416 652 4482 vel
677 4418 876 4483 conuersatio
900 4423 1047 4482 anteacta
1076 4418 1323 4483 demonstrat..
1356 4416 1474 4482 electos

233 4519 315 4582 enim
340 4524 374 4583 et
395 4521 591 4602 approbatos
615 4539 682 4600 eon,
707 4529 772 4586 tam
795 4522 968 4604 spiritualis
989 4527 1081 4602 pater
1104 4529 1212 4588 noster
1235 4541 1375 4587 summus
1396 4539 1474 4602 pon·

230 4621 310 4686 tilex
333 4640 427 4704 quam
450 4625 585 4692 ecclesia
601 4675 633 4691 ..
669 4627 711 4691 ad
741 4645 852 4709 preces
883 4627 1027 4696 sublimis
1050 4647 1069 4693 a
1094 4627 1153 4698 deo
1180 4627 1323 4698 seruandi
1347 4624 1479 4714 imperii
