3572 5276
351 361 416 458 aso

350 565 489 647 plenum,
520 567 689 648 probatum
713 565 863 648 moribus,
894 565 1051 633 loannem
1074 567 1210 633 nomine.
1247 567 1348 646 Quem
1371 568 1422 634 his
1444 559 1615 636 exhorta?

347 668 486 736 tionibus
511 669 654 736 adoritur
687 670 814 738 dicens:
853 669 944 751 ,Non
967 677 1018 738 est
1040 676 1115 736 tuae
1137 669 1318 737 discretioni
1351 677 1519 750 secretum,
1543 672 1588 738 fili

344 771 525 841 carissime!
551 779 670 856 quanta
691 791 822 854 precum
845 773 998 840 instantia
1020 793 1070 840 me
1092 771 1229 856 fatigare
1253 793 1316 841 non
1331 781 1436 842 cessat
1452 777 1587 858 populus

345 877 481 944 civitatis
510 876 605 944 buius
639 876 830 960 postulando
864 878 903 944 de
927 877 1020 944 sociis
1055 877 1172 944 nostris
1207 878 1345 961 aliquem
1379 881 1411 946 in
1434 881 1587 947 ecclesiae

349 999 426 1048 suae
455 978 596 1046 fntumm
631 981 810 1062 praesulem
833 985 866 1048 et
889 984 1054 1048 rectorem.
1089 979 1134 1047 Et
1156 982 1230 1063 qnia
1253 1001 1313 1048 uon
1342 983 1452 1066 populi
1486 982 1587 1049 fertur

344 1102 430 1152 esse.
450 1084 572 1165 divina,
606 1102 723 1167 operae
752 1085 889 1168 pretinm
919 1084 1045 1152 videtur
1077 1085 1166 1152 nobis
1197 1103 1306 1152 eorum
1330 1087 1448 1154 debere
1471 1087 1583 1153 conde·

346 1188 500 1255 scandere
534 1187 751 1271 postulationi.
782 1188 874 1254 Nunc
897 1207 973 1272 ergo
1002 1187 1182 1256 confortare
1212 1189 1245 1254 in
1269 1189 1396 1259 domino
1420 1190 1507 1258 etin
1530 1209 1584 1272 po-

344 1291 443 1358 tentia
462 1290 589 1358 virtutis
612 1291 680 1358 eins
703 1293 871 1374 accingens
893 1297 925 1359 te
950 1293 1053 1374 ipsum
1076 1294 1115 1359 ad
1140 1293 1337 1360 subeundem
1360 1293 1485 1378 pondus
1509 1311 1583 1360 one-

345 1393 388 1460 ris
422 1400 456 1462 et
487 1393 635 1473 honoris;
669 1413 740 1460 cum
775 1401 903 1477 practer
937 1401 969 1462 te
1004 1415 1066 1463 non
1097 1396 1140 1462 sit
1172 1395 1255 1462 inter
1289 1397 1422 1463 comites
1458 1401 1585 1463 nostros

343 1498 493 1580 quipiam,
527 1499 568 1566 de
603 1499 884 1580 circumspectione
905 1501 993 1565 curius
1022 1499 1180 1582 possimus
1203 1498 1278 1566 huic
1301 1499 1456 1566 ecclesiae
1479 1499 1583 1581 provi·

343 1599 452 1668 deret
483 1601 606 1680 Quibus
642 1600 759 1668 auditis
788 1603 936 1668 turbatus
971 1601 1143 1686 infremuit,
1168 1609 1201 1668 et
1222 1608 1259 1668 ut
1284 1608 1355 1669 erat
1388 1603 1585 1669 columbinae

343 1704 563 1787 simplicitatis,
588 1705 766 1772 verecunda
787 1703 868 1771 lacie
891 1706 1089 1787 respondens
1112 1707 1178 1771 ait:
1213 1703 1316 1790 „Qud
1346 1707 1378 1772 in
1402 1725 1461 1788 me,
1493 1711 1585 1788 pater

344 1813 376 1874 et
407 1807 550 1874 domine!
581 1814 656 1874 tuae
680 1808 841 1890 displicuit
872 1808 1083 1892 paternitati?
1117 1827 1173 1875 eur
1194 1811 1271 1874 mibi
1293 1807 1437 1891 perferre
1468 1810 1584 1876 suades

343 1911 479 1993 pondus,
503 1913 588 1993 qnod
610 1911 742 1989 humeri,
764 1917 912 1994 potentes
937 1918 971 1978 et
989 1911 1088 1979 fortes
1104 1913 1144 1978 ad
1160 1931 1266 1994 onera,
1291 1912 1471 1996 expavent?
1492 1930 1579 1994 praa·

345 2015 455 2082 sertim
479 2033 549 2080 eum
571 2019 605 2082 et
626 2015 768 2098 corporis
799 2015 881 2082 vires
912 2021 945 2082 et
974 2017 1107 2082 scientia
1136 2017 1217 2083 desit
1252 2017 1375 2096 animo,
1406 2033 1466 2082 nec
1500 2015 1584 2081 vitae

314 2135 456 2183 ueursus
490 2123 646 2202 congruat
669 2119 828 2202 gravitati.
861 2117 925 2186 Sed
957 2125 991 2185 et
1020 2121 1048 2185 si
1071 2137 1143 2186 mea
1165 2119 1233 2198 tibi,
1259 2119 1402 2186 domine!
1434 2119 1583 2186 uidentur

345 2219 472 2302 ingrata
494 2221 662 2302 obsequia:
685 2222 816 2288 licentia
838 2227 894 2288 tua
917 2222 1093 2289 nativitatis
1115 2225 1250 2305 patriam
1275 2230 1429 2305 repetam,
1457 2224 1497 2289 de
1520 2240 1584 2303 qua

343 2323 413 2404 buc,
444 2330 477 2390 te
500 2330 699 2410 prosecutus,
732 2326 855 2402 adveni,
886 2327 993 2409 potius
1024 2345 1118 2410 quam
1151 2329 1184 2392 in
1206 2326 1265 2393 hac
1287 2330 1379 2407 parte
1409 2326 1582 2408 cuiuspiam

343 2427 483 2494 consiliis
513 2429 744 2510 acquiescam‘.
769 2427 1013 2497 contradicente
1037 2437 1142 2497 autem
1164 2429 1290 2497 «Ioanne
1320 2429 1418 2514 legati
1441 2429 1582 2506 oonsilio,

343 2530 512 2598 adiiciente
536 2549 671 2616 quoque,
696 2551 731 2600 se
753 2533 931 2600 subiturum
943 2533 1076 2614 quodvis
1100 2551 1200 2616 genus
1217 2531 1373 2616 supplicii,
1398 2531 1582 2615 priusquam

343 2651 423 2700 onus
453 2634 661 2702 solicitudinis
692 2636 872 2721 pastoralis,
905 2635 1069 2718 egreditur
1092 2637 1133 2704 ad
1157 2636 1282 2718 plebem
1304 2635 1440 2718 legatus,
1473 2641 1507 2701 et
1528 2653 1582 2702 en·

342 2737 515 2820 pectationi
537 2738 606 2805 eius
628 2739 661 2805 in
682 2738 766 2804 hunc
787 2739 915 2806 modum
936 2739 1118 2823 respondit:
1148 2741 1298 2822 „Fratres
1320 2745 1354 2806 et
1375 2735 1447 2804 filiii
1481 2736 1576 2805 hone·

343 2841 402 2908 stis
434 2841 589 2924 iustisque
612 2842 818 2925 petitionibus
841 2844 966 2927 vestris,
990 2845 1143 2927 quantum
1166 2861 1237 2908 cum
1261 2843 1321 2910 deo
1344 2847 1498 2925 poteram,
1531 2861 1582 2908 sa·

344 2942 496 3012 tisiacere
524 2963 771 3028 proposueram
801 2947 858 3014 sed
891 2965 961 3015 meo
985 2948 1146 3031 proposito
1170 2945 1302 3014 effectus
1325 2945 1429 3028 operis
1456 2951 1582 3012 contra·

344 3047 429 3116 dicit.
454 3049 515 3116 Est
537 3050 620 3118 enirn
643 3051 676 3115 in
699 3051 851 3117 comitatu
874 3050 1044 3136 legationis
1068 3057 1197 3118 nostrae
1221 3049 1359 3134 qnidam,
1384 3067 1487 3132 quem,
1505 3049 1582 3131 qnia

342 3152 493 3220 scientiae
511 3153 709 3236 plenitudine
730 3172 767 3221 ac
787 3172 909 3221 momrn
933 3157 1089 3237 gravitate
1114 3155 1285 3221 iuvenilem
1308 3153 1507 3220 transcendit
1528 3171 1580 3220 ae·

342 3262 448 3338 tatem,
472 3263 598 3326 vestrae
621 3257 768 3340 petitioni
791 3258 921 3326 tradere
945 3259 1140 3342 satagebam.
1169 3257 1234 3325 Sed
1257 3257 1331 3340 quia
1353 3257 1453 3338 ipsius
1475 3255 1580 3324 animo

322 3359 476 3429 suadere
498 3379 630 3446 nequeo,
659 3363 744 3444 qnod
767 3362 817 3430 rel
840 3381 910 3429 meo
933 3361 1064 3430 consilio
1095 3363 1278 3443 acquiescat
1300 3361 1350 3428 vel
1377 3365 1504 3427 vestrae
1526 3378 1580 3426 vo·

340 3463 456 3531 luntati
488 3465 673 3546 consentiat,
704 3466 748 3532 ite
780 3470 814 3532 et
844 3465 932 3531 iuxta
961 3465 1193 3548 beneplacitum
1215 3471 1356 3532 restrum
1385 3463 1426 3530 de
1447 3463 1582 3545 provida

340 3585 477 3649 persona
493 3573 526 3634 et
542 3567 696 3636 ecclesias
714 3574 840 3636 uestrae
864 3569 981 3636 idonea
1002 3569 1086 3635 iuste
1102 3575 1135 3635 et
1151 3567 1385 3635 rationalibiter
1406 3565 1578 3650 cogitate“.

342 3669 403 3749 Qui
427 3671 467 3738 ob
490 3669 571 3738 hanc
594 3690 701 3740 uocem
725 3679 904 3742 moerentes
928 3671 1033 3738 effecti
1066 3691 1103 3739 ac
1133 3673 1253 3752 tristes,
1276 3671 1379 3739 clerus
1410 3671 1512 3738 omnis
1542 3688 1580 3737 ac

342 3775 488 3857 populus,
512 3781 690 3844 metuentes
713 3797 753 3844 ne
775 3777 885 3844 civitas
914 3776 1078 3860 dissoluta,
1110 3778 1177 3843 sine
1200 3783 1331 3860 pastore
1355 3774 1484 3842 dimissa
1505 3781 1582 3858 post

339 3877 437 3962 legati
472 3897 643 3960 recessum,
675 3881 707 3946 in
741 3882 901 3948 deteriora
932 3880 1060 3961 relapsa
1099 3880 1275 3962 prioribus,
1309 3879 1351 3945 ad
1387 3877 1580 3946 irevocabile

341 3982 562 4066 praecipitium
585 3989 742 4066 vergeret,
766 3984 835 4067 pari
860 3989 934 4051 voto
958 4001 993 4049 se
1005 3983 1093 4065 ipsos
1117 3984 1359 4066 adstringunta
1382 3982 1479 4064 legati
1502 3981 1580 4049 iori-

339 4085 399 4152 bus
419 4105 482 4150 non
513 4103 706 4169 recessuros,
738 4088 798 4152 nisi
830 4086 917 4168 prius
940 4104 997 4168 per
1019 4085 1108 4152 illum
1133 4085 1358 4168 postulationis
1383 4103 1459 4152 suae
1482 4083 1579 4152 finem

286 4215 290 4228 ·
340 4195 612 4271 consequerentur
635 4195 786 4270 optatum.
811 4189 955 4270 Cumque
978 4188 1193 4256 innotuissent
1215 4189 1244 4255 ei
1259 4195 1337 4258 rota
1351 4189 1470 4271 populi,
1495 4207 1580 4256 eom·

339 4297 443 4360 motus
466 4293 582 4359 iterato
600 4293 737 4360 clamore
753 4291 865 4375 plebis,
892 4293 933 4359 ad
955 4309 1051 4374 saepe
1072 4293 1190 4359 dictum
1212 4291 1359 4362 iuvenem
1382 4291 1579 4359 convertitur

339 4415 451 4462 mrsns
481 4401 514 4464 et
544 4414 617 4462 eum
647 4397 680 4461 in
710 4396 793 4461 hune
823 4396 951 4463 modum
982 4393 1100 4461 affatur
1130 4395 1253 4464 dicens:
1287 4395 1366 4476 ,Fili
1396 4395 1577 4462 carissime!

337 4518 401 4566 non
425 4506 457 4566 te
480 4499 577 4580 latet,
608 4505 645 4567 ut
667 4501 762 4567 oredo
786 4507 819 4566 et
849 4504 955 4566 certus
977 4516 1057 4582 eum,
1090 4500 1175 4580 quod
1198 4500 1240 4566 sit
1258 4499 1377 4567 bonum
1399 4499 1476 4580 viro,
1504 4515 1576 4564 cum

335 4603 515 4688 portaverit
536 4603 645 4688 iugum
668 4604 709 4671 ab
740 4603 956 4673 adolescentia
978 4621 1046 4687 sua,
1070 4617 1142 4670 eum
1172 4603 1281 4687 iugum
1309 4603 1393 4669 enim
1415 4619 1514 4671 snare
1534 4601 1578 4670 sit
