3604 5276
354 396 417 458 306

398 601 495 671 lutrio,
512 601 664 679 Liburnia,
680 602 830 660 Dalmatia
846 599 976 681 (omniuo
991 605 1030 663 ab
1046 622 1073 664 a.
1092 603 1177 682 805),
1194 609 1284 680 atque
1296 606 1449 666 Pannonia
1465 609 1591 668 saviensi

399 690 429 746 et
444 687 588 746 sirmiensi
603 689 683 762 regie
706 689 786 747 vices
810 689 927 766 obibat,
952 689 1065 749 habens
1089 691 1236 751 subiectos
1252 692 1307 751 sibi
1324 692 1414 752 duces
1430 697 1460 753 et
1475 696 1597 754 comites

398 773 578 848 singularum
595 773 757 852 regionum,
775 775 914 847 equibus
932 777 960 833 in
976 776 1064 835 istria
1080 776 1282 836 Joannesdux
1294 787 1537 838 commemoratur
1554 780 1595 856 (v.

396 857 489 918 Andr.
516 856 647 918 Danduli
671 857 836 919 chronioon'
854 865 950 920 venet.
974 862 1020 926 ed.
1045 863 1202 922 Muretori:
1232 864 1338 939 Script.
1364 881 1421 926 rer.
1448 867 1510 925 ital.
1526 865 1594 944 XII,

399 946 469 1021 155,
488 945 556 1004 item
573 962 664 1020 supra
679 963 709 1020 p.
727 948 799 1005 297.
817 945 902 1018 303).

391 1061 400 1089 ⁴
419 1057 461 1114 De
480 1061 655 1116 conversione
673 1061 868 1130 Bogosriorum
887 1069 915 1117 et
933 1063 1076 1121 Carentsn.
1096 1065 1190 1124 Petis:
1216 1066 1291 1120 Mon.
1311 1066 1400 1122 Germ.
1419 1067 1464 1121 SS.
1483 1067 1530 1135 XI,
1551 1071 1597 1122 11:

355 1147 449 1215 ,Tunc
467 1147 571 1217 primus
590 1147 625 1202 ab
644 1149 808 1217 imperatore
828 1150 993 1206 constitutus
1006 1158 1048 1206 est
1060 1152 1172 1206 confinii
1184 1167 1275 1208 eomes
1289 1153 1477 1209 Goteremmus
1490 1155 1521 1224 (†
1533 1155 1597 1223 802)

354 1233 488 1288 secundus
508 1235 698 1290 werinharius
712 1275 718 1288 .
733 1277 738 1288 .
752 1236 775 1289 .“

963 1470 991 1530 6.

354 1547 377 1610 1.
393 1548 440 1611 tu.

355 1701 508 1789 Donatus,
532 1702 673 1768 Joderoe
695 1706 862 1790 episcopus,
892 1714 920 1772 et
943 1705 1071 1793 Beatus,
1100 1707 1300 1774 Venetiorum
1322 1710 1398 1790 dux,
1422 1712 1510 1776 missi
1531 1709 1596 1796 By·

353 1809 493 1872 zantium
527 1807 571 1872 od
599 1829 709 1894 pacem
741 1812 824 1874 inter
861 1809 1008 1875 Coretum
1043 1819 1071 1875 ct
1105 1811 1314 1896 Nicephorum
1343 1815 1595 1897 pronoccndom.

460 1909 640 1977 Trouslctio
662 1915 865 2000 reliquiorum
888 1936 913 1980 s.
937 1915 1128 1980 Anastasius
1150 1915 1306 2003 Byzantio
1328 1915 1493 1983 iaderam.

396 2050 487 2117 Anno
507 2053 691 2121 Dominicse
708 2054 939 2122 Iuearnetionis
957 2077 1078 2122 ncoerr.
1097 2057 1304 2139 regnantibus
1323 2059 1355 2124 in
1376 2059 1453 2125 orbe
1469 2057 1595 2124 dnobus

354 2157 599 2238 imperatoribus
622 2157 802 2240 Nicephoro
827 2157 1206 2241 Constantinopolitano,¹
1230 2159 1345 2229 Gerolo
1368 2181 1444 2230 vero
1461 2161 1594 2228 Galliae.

354 2261 399 2327 Et
420 2261 493 2327 ideo
517 2261 601 2327 inter
623 2281 679 2329 eos
701 2267 772 2328 orta
794 2267 844 2328 est
865 2281 980 2346 magna
999 2263 1165 2344 dissensio,
1189 2267 1338 2345 quonism
1361 2265 1490 2332 fortune
1503 2264 1595 2348 regni

355 2365 528 2446 imperialis
551 2366 721 2447 impatiens
744 2371 794 2432 est
816 2367 980 2446 consortis,
1006 2374 1043 2432 ut
1064 2385 1147 2448 pene
1169 2387 1279 2435 eorum
1303 2369 1438 2435 duorum
1460 2370 1597 2451 impera·

354 2473 459 2533 torum
494 2469 691 2536 dissensione
725 2475 812 2536 totus
845 2470 981 2536 mundos
1015 2470 1259 2552 periclitaretur.
1294 2473 1363 2540 Nec
1391 2473 1453 2541 hoc
1482 2473 1597 2538 mirum

354 2572 485 2640 cuilibet
507 2572 642 2658 videtur,
667 2574 785 2656 quippe
809 2573 884 2654 quie
905 2575 993 2638 nuile
1014 2572 1095 2640 fides
1118 2581 1169 2641 est
1190 2577 1281 2657 regni
1305 2576 1413 2658 sociis,
1438 2583 1473 2642 et
1494 2577 1596 2642 omnis

353 2681 497 2759 potestas
519 2677 689 2758 impatiens
712 2682 762 2744 est
784 2677 958 2756 consortis,
989 2678 1080 2743 utin
1103 2678 1163 2744 hoc
1185 2679 1347 2762 exemplo,
1378 2685 1412 2746 et
1432 2681 1464 2745 in
1487 2679 1595 2746 multis

353 2781 423 2846 allis
440 2781 627 2847 ostenditur.
641 2781 790 2862 Legimus
806 2799 931 2862 nempe,
948 2781 989 2847 ob
1005 2782 1038 2846 id
1050 2780 1128 2848 Saul
1143 2788 1345 2864 persecutum
1361 2782 1460 2850 fuisse
1474 2783 1595 2867 Devid3

355 2883 497 2951 Absalon
519 2903 645 2966 quoque
666 2885 809 2950 novimus
825 2885 959 2951 eundern
972 2885 1148 2968 genitorem
1161 2905 1252 2952 snum
1265 2893 1467 2969 persecutum
1479 2887 1594 2965 fuisse;

356 2989 474 3054 multos
499 2988 593 3054 etism
616 3006 709 3072 reges
732 2993 767 3054 et
788 2988 999 3070 imperatores
1022 2988 1115 3071 hujus
1135 2991 1183 3055 rei
1206 3009 1304 3057 causa
1326 2992 1447 3060 occisos
1474 2991 1594 3056 audivi-

356 3111 435 3157 mus.
459 3093 572 3158 Potest
594 3098 628 3158 et
650 3092 710 3157 hoc
734 3092 830 3158 etiam
851 3093 921 3174 ipss
943 3093 1061 3172 Roma,
1097 3111 1168 3158 cum
1191 3094 1295 3160 adhuc
1317 3113 1449 3177 pervum
1472 3095 1594 3177 asylum

355 3200 456 3275 esset,
488 3195 579 3262 nobis
609 3195 773 3278 praeferre
803 3195 991 3278 exemplum.
1025 3197 1180 3262 Romulus
1211 3198 1327 3263 occidit
1349 3197 1480 3264 tratrem
1502 3215 1594 3265 suum

354 3299 504 3380 Remum,
536 3317 640 3382 aquo
662 3305 776 3382 postes
799 3301 899 3366 Roma
921 3300 1006 3366 dicte
1028 3307 1094 3380 est,
1124 3307 1162 3366 ut
1183 3301 1238 3366 ilie
1261 3302 1474 3368 nobilissimus
1496 3305 1594 3384 poeta

352 3405 414 3469 ait:
440 3403 616 3488 ,Fraterno
639 3404 732 3486 primi
753 3403 946 3470 maduerunt
968 3404 1121 3486 sanguiue
1143 3407 1256 3470 muri‘.

398 3505 534 3574 Causam
558 3508 655 3590 igitur
675 3512 785 3573 tentae
809 3507 987 3574 discordiae
1012 3526 1074 3574 non
1094 3510 1161 3574 sine
1177 3509 1283 3575 divine
1299 3510 1506 3593 dispositione
1521 3529 1593 3576 eve·

353 3612 439 3678 nisse
462 3611 629 3692 eredimus,
653 3631 724 3678 oum
738 3613 899 3694 scriptum
923 3614 981 3678 sit:
1008 3612 1105 3698 ,nihil
1128 3615 1160 3678 iu
1183 3621 1270 3680 terre
1293 3615 1363 3680 sine
1385 3613 1512 3694 osnss“;
1537 3615 1592 3684 sed

353 3691 536 3797 propterea,
560 3721 596 3779 ut
619 3715 651 3780 hi
676 3716 738 3781 duo
761 3715 820 3781 viri
843 3715 983 3798 religiosi
1007 3722 1102 3798 etque
1126 3718 1326 3798 sanctissimi,
1357 3718 1592 3787 1111011001Βο-

353 3823 449 3884 natus
472 3819 592 3886 Jadree
615 3820 703 3885 urbis
726 3819 855 3901 praesul
884 3827 917 3886 et
946 3819 1146 3887 Benenetus²
1175 3821 1381 3889 venetiarum
1413 3824 1493 3905 dux,
1525 3829 1592 3890 tum

354 3925 430 4004 quia
451 3923 546 4006 legati
570 3925 658 4006 peris
681 3943 701 3988 e
724 3922 850 4010 Carolo,
881 3930 948 3990 tum
973 3926 1048 4004 quia
1070 3925 1275 3991 ecelesiarum
1298 3932 1333 3992 et
1354 3930 1492 3994 omnium
1515 3928 1592 3996 tide·

350 4026 426 4091 lium
444 4028 546 4092 nuntii
563 4029 650 4110 pacis
666 4026 804 4106 fuerunt,
828 4025 1133 4110 Constantinopolim
1150 4029 1345 4111 devenirent,
1369 4037 1402 4097 et
1418 4034 1592 4114 pretiosum

347 4131 546 4212 thesaurum,
579 4131 658 4197 nulii
686 4150 880 4215 gemmarum
903 4130 952 4197 vel
975 4133 1044 4196 euri
1074 4133 1209 4215 pretiosi
1238 4134 1390 4202 thesauro
1422 4153 1588 4219 compars-

347 4234 461 4318 bilem,
492 4253 607 4317 eorpus
632 4235 753 4302 seilicet
774 4236 891 4302 beatae
914 4237 1042 4319 virginis
1066 4243 1100 4302 et
1121 4237 1271 4320 martyris
1292 4237 1482 4307 Anastssiae
1504 4242 1590 4308 inve·

348 4340 462 4422 uirent,
487 4340 571 4421 quod
596 4345 703 4406 tomen
727 4339 890 4406 inventum
914 4341 1016 4422 primo
1040 4341 1086 4407 sic
1108 4347 1166 4408 est

393 4442 563 4526 Apollonia
585 4442 704 4510 femina
734 4443 994 4510 christianissime
1016 4445 1048 4509 in
1071 4446 1208 4527 quodem
1232 4465 1289 4512 suo
1313 4447 1462 4515 viridario
1485 4454 1593 4516 extru-

349 4553 441 4612 xerat
462 4547 508 4613 illi
530 4548 694 4614 basilicam
709 4555 783 4631 post
798 4551 977 4632 passionem
1000 4549 1079 4631 ejus,
1104 4556 1137 4616 et
1152 4550 1205 4630 ibi,
1229 4557 1266 4615 ut
1280 4551 1394 4632 decuit
1418 4558 1592 4636 martyrem

349 4649 382 4716 in
405 4669 583 4721 memores
604 4652 715 4717 tumbe
737 4670 808 4717 cum
831 4652 1027 4720 aromatibus
1049 4653 1234 4720 recondidit.
1257 4655 1338 4722 Post
1359 4655 1492 4722 multum
1514 4675 1591 4726 vero
