3604 5276
979 609 1008 669 2.

367 707 389 768 l.
407 707 452 768 tat.

364 839 488 908 &anani
508 843 564 908 arrd
593 843 731 928 Vojmiro
754 844 950 912 Francorum
972 855 1080 914 contra
1102 849 1223 914 Avarus
1238 851 1321 914 socii.
1344 845 1451 914 Novas
1467 848 1501 912 in
1520 845 1607 912 Pan·

558 950 654 1014 mnia
676 952 763 1014 intro
786 950 968 1016 Danubium
990 960 1018 1018 at
1041 951 1183 1018 Drnamn
1205 973 1312 1018 rernm
1334 952 1420 1016 ordo.

415 1068 479 1136 Sed
502 1077 536 1136 et
559 1070 727 1138 Heirichus
751 1073 813 1138 dux
835 1072 1082 1152 Foro-inlares,
1115 1075 1219 1140 missis
1241 1073 1421 1140 hominibus
1444 1072 1510 1139 suis
1533 1087 1604 1138 cnm

374 1171 585 1256 Wonomyro¹
610 1171 721 1242 Sclavo
744 1176 777 1242 in
798 1177 988 1258 Pannonias,
1013 1177 1176 1260 hringum²
1198 1178 1302 1260 gentis
1317 1176 1492 1244 avarorum
1508 1175 1611 1258 longis

373 1283 460 1346 retro
480 1280 676 1360 temporibus
700 1279 856 1367 quietum,
882 1282 964 1347 civili
987 1281 1071 1348 bello
1095 1279 1235 1364 fatigatis
1257 1282 1341 1348 inter
1356 1299 1391 1347 se
1405 1280 1609 1363 principibus,

374 1381 522 1463 spoliavit
544 1418 588 1430 -
610 1383 732 1467 chagan
755 1401 812 1451 seu
834 1385 980 1469 iugurro³
1002 1385 1152 1452 intestina
1176 1385 1265 1452 clade
1288 1384 1422 1452 addictis
1445 1389 1478 1450 et
1501 1403 1520 1450 a
1543 1384 1610 1449 suis

374 1485 485 1551 occisis
508 1522 560 1566 -,
583 1487 768 1554 thesaurum
798 1489 974 1570 priscorum
1005 1508 1115 1573 regum
1137 1489 1238 1555 multa
1261 1487 1459 1554 saeculorum
1482 1486 1609 1569 proliri-
1718 1535 1728 1552 .

374 1594 441 1655 tate
465 1589 634 1656 collectum
657 1592 771 1660 domno
796 1589 910 1660 Carolo
935 1594 1003 1675 regi
1026 1594 1066 1660 ad
1088 1593 1188 1675 Aquis
1211 1592 1367 1675 palacium
1389 1593 1484 1658 misit.

459 1729 567 1792 Annal.
590 1731 722 1794 haurias.
746 1733 842 1794 Perta.
866 1734 945 1795 Mon.
970 1733 1069 1795 Germ.
1096 1733 1147 1795 SS.
1171 1734 1195 1812 Ι,
1224 1735 1293 1797 182.
1324 1731 1467 1794 Einhardi
1488 1732 1611 1791 annales

416 1815 487 1877 ibid.
503 1835 533 1891 p.
549 1818 619 1879 183.
636 1817 718 1878 Idem
740 1821 863 1880 annales
878 1821 986 1880 Tiliani
1001 1822 1070 1883 ibid.
1087 1839 1116 1897 p.
1133 1823 1205 1881 222.

461 1903 628 1963 Einhardus
651 1904 750 1983 (natus
775 1925 799 1966 e.
819 1924 847 1967 a.
866 1908 928 1967 770
953 1909 1028 1978 †‚14
1043 1908 1141 1967 Martii
1158 1903 1244 1988 840),
1269 1906 1314 1965 vir
1329 1905 1477 1984 eruditus,
1505 1903 1612 1966 Oarolo

419 2006 438 2047 a
454 1989 599 2065 consiliis,
624 1992 746 2067 eiusque
762 1991 821 2052 filio
837 1993 988 2053 Lndovico
1004 1992 1169 2069 imperante
1183 2009 1277 2067 usqne
1295 1991 1334 2051 ad
1350 2010 1377 2050 a.
1395 1991 1457 2052 829
1472 2008 1531 2050 non
1545 1991 1612 2050 nlti-

420 2091 483 2133 maa
499 2076 528 2133 in
543 2074 781 2137 administrandis
796 2080 839 2138 rei
855 2079 990 2155 publicae
1001 2081 1127 2156 negotiis
1137 2079 1203 2138 tulit
1215 2082 1323 2154 partes.
1338 2079 1385 2137 De
1397 2079 1459 2136 vita
1469 2075 1613 2137 Einhardi

420 2161 541 2236 eiusque
557 2162 596 2221 ad
611 2181 718 2223 annum
736 2167 797 2224 829
813 2182 907 2240 usque
923 2166 1080 2240 protractis
1095 2166 1248 2225 annalibus
1264 2164 1333 2224 vide
1347 2163 1396 2224 W.
1414 2162 1612 2224 Wattenbach

420 2264 468 2321 op.
486 2247 533 2306 cit.
551 2247 574 2324 1,
594 2251 771 2312 rra-150.
788 2247 919 2312 Annales
934 2251 1143 2312 Laurissensea
1159 2249 1241 2330 (olim
1257 2250 1355 2327 plebei
1371 2247 1612 2328 velLoiseliani)‚

420 2334 461 2392 ita
484 2332 552 2393 dicti
575 2352 594 2393 a
616 2333 756 2396 Laurisao
780 2331 939 2419 (barach),
967 2339 996 2397 in
1019 2339 1100 2398 cuins
1123 2337 1233 2398 celebri
1254 2336 1431 2397 monasterio
1455 2335 1614 2410 conscripti

421 2418 510 2478 inisse
532 2421 728 2497 putabantur,
756 2441 788 2482 re
810 2424 877 2499 ipsa
898 2441 970 2484 vero
992 2426 1076 2498 regia
1092 2425 1278 2484 'Francorum
1294 2424 1363 2482 aula
1379 2426 1485 2498 agente
1500 2421 1614 2481 redacti

419 2510 495 2566 suut.
528 2505 683 2567 Continent
706 2526 755 2568 res
781 2515 882 2585 gestas
908 2512 946 2571 ab
974 2528 1001 2570 a.
1020 2513 1207 2587 741-829,
1239 2526 1399 2585 earumque
1422 2525 1493 2583 pars
1516 2509 1615 2568 altera

420 2589 618 2674 (les-829)
643 2595 681 2654 ab
705 2594 809 2655 eodem
831 2596 981 2656 Einhardo
1005 2596 1138 2656 coniecta
1160 2612 1225 2655 ease
1241 2599 1385 2655 censetur.
1414 2593 1613 2655 Wattenbaoh

422 2677 494 2737 ibid.
511 2694 540 2752 p.
561 2681 696 2739 143-7.
722 2680 851 2740 Annales
874 2682 998 2758 Titiani,
1026 2682 1250 2756 amanuscripti
1272 2697 1445 2758 possessore
1467 2680 1508 2740 ita
1532 2681 1613 2751 dicti,

421 2763 570 2824 continent
592 2767 621 2824 in
643 2768 739 2842 prima
763 2773 847 2843 parte
872 2765 912 2847 (a.
931 2768 1114 2843 708-740)
1137 2771 1278 2842 excerpta
1292 2785 1309 2828 6
1325 2768 1507 2827 Francorum
1523 2785 1615 2826 anna-

420 2851 490 2908 lium
514 2851 671 2926 petaviano
695 2855 873 2931 exemplari‚
897 2854 925 2912 in
949 2853 1078 2914 secunda
1094 2852 1291 2933 (740-807)
1307 2871 1344 2914 ex
1361 2853 1515 2913 annalibus
1531 2853 1610 2912 Lan·

421 2937 596 2997 rissensibus
612 2939 780 3000 maioribus.

465 3023 548 3082 Haeo
570 3022 666 3084 iuerat
692 3026 786 3084 altera
801 3031 868 3101 post
883 3043 911 3085 a.
930 3029 989 3086 791
1007 3027 1189 3087 Francorum
1205 3031 1307 3086 contra
1321 3025 1444 3086 Avarus·
1454 3023 1615 3100 expeditio,

423 3109 505 3168 cuins
521 3109 609 3169 etiam
625 3111 748 3188 Vojmir,
766 3111 921 3172 Slavorum
937 3114 1006 3192 dux,
1024 3113 1173 3188 particeps
1188 3116 1262 3174 erat.¹
1277 3113 1335 3172 Ubi
1347 3130 1415 3171 nam
1426 3111 1541 3188 VoJmir
1556 3110 1616 3170 dux

421 3195 517 3271 inerit,
535 3201 688 3256 cartonen
704 3203 835 3278 constat3
852 3198 905 3258 sed
921 3215 959 3258 er
975 3199 1104 3259 eiusdem
1121 3217 1184 3258 cum
1201 3197 1395 3258 Foroiuliensi
1409 3197 1525 3257 ducein
1538 3197 1616 3258 bello

421 3282 561 3341 societate
592 3283 661 3341 licet
687 3283 849 3360 deducere,
873 3289 1000 3362 terram,
1027 3287 1071 3345 cni
1095 3288 1250 3362 praeerat,
1274 3283 1453 3344 foroiuliensi
1476 3281 1615 3343 marchae

421 3367 587 3442 contiguam
604 3368 709 3442 fuisse,
735 3369 821 3429 immo
845 3372 873 3429 in
897 3371 1025 3446 quadam
1048 3373 1086 3431 ab
1103 3371 1206 3430 eodem
1221 3370 1296 3430 duce
1328 3368 1525 3454 dependentia
1540 3369 1615 3428 exti-

422 3453 501 3513 tisse.
518 3453 603 3513 Hanc
619 3471 707 3530 porro
724 3455 940 3530 expeditionem
956 3462 1134 3517 concernunt
1149 3456 1206 3518 ista
1222 3472 1340 3531 qnoque
1356 3455 1548 3515 documenta:

423 3623 460 3687 In
490 3623 560 3706 ipsa
590 3630 713 3692 aestate
744 3629 919 3694 transmisit
949 3647 1005 3694 rex
1034 3627 1168 3694 Carolus
1198 3626 1366 3709 Pippinum
1394 3624 1493 3692 filium
1524 3643 1617 3692 suam

383 3743 453 3790 cum
478 3728 543 3792 suis
554 3780 562 3813 ,
595 3747 675 3810 quos
701 3731 734 3795 iu
756 3731 850 3797 Italia
872 3749 978 3798 secum
1001 3730 1157 3810 habebat,
1188 3735 1221 3796 et
1242 3729 1396 3796 Baioariis
1419 3745 1489 3794 cnm
1512 3729 1620 3810 aliqua

382 3835 472 3910 parte
495 3830 690 3914 Alamaniae,
714 3835 745 3898 in
769 3833 884 3902 finibus
906 3835 1091 3900 Avarorum.

465 3954 572 4016 Annal.
588 3957 780 4020 Lauresham.
798 3959 836 4018 ad
851 3978 878 4020 a.
898 3962 969 4019 796.
987 3960 1082 4018 Perta.
1100 3977 1147 4036 op.
1166 3961 1213 4019 cit.
1231 3960 1255 4030 l,
1272 3961 1323 4019 37.

421 4125 525 4216 igitur
555 4126 695 4192 Karalus
726 4129 898 4211 imperator
928 4149 1010 4196 anuo
1041 4131 1214 4198 nativitatis
1245 4128 1361 4194 domini
1392 4148 1528 4196 nouxovr
1560 4125 1619 4192 Aa

378 4229 478 4294 ricam
512 4232 658 4297 comitem
693 4232 880 4312 destinavit,
919 4241 952 4300 at
982 4253 1052 4300 cnm
1085 4254 1122 4301 eo
1153 4234 1337 4299 immensam
1370 4229 1615 4310 multitudinem,

378 4332 492 4397 Hunos
524 4335 744 4402 exterminare.
784 4335 844 4414 Qui
874 4338 1000 4402 minime
1035 4337 1222 4403 resistentes
1256 4334 1464 4402 reddiderunt
1493 4352 1528 4400 se
1557 4349 1617 4414 per

381 4435 560 4516 praelatum
591 4440 737 4505 comitem
768 4440 885 4508 Karolo
920 4440 1111 4522 imperatori.
1146 4440 1268 4506 Eodem
1299 4438 1396 4521 igitur
1425 4455 1508 4504 anno
1532 4435 1621 4502 misit

383 4538 520 4607 Karalus
542 4542 710 4625 Pippinum
733 4542 831 4610 lilium
854 4563 946 4610 sunm
969 4545 1001 4609 in
1024 4543 1160 4609 Huniam
1184 4561 1255 4608 cum
1278 4542 1418 4608 exercitu
1432 4540 1541 4619 multo,
1566 4539 1619 4622 qui

385 4644 573 4727 perveniens
595 4665 695 4729 nsque
718 4648 759 4712 ad
782 4649 938 4714 celebrem
960 4666 1068 4714 eorum
1090 4646 1204 4727 locunt,
1227 4645 1281 4726 qui
1297 4644 1412 4711 dicitnr
1426 4641 1543 4722 rinch‚⁴
1565 4641 1622 4707 ubi
