3602 5304
281 283 346 344 230

281 488 424 553 sanctum
454 491 488 552 et
517 485 701 568 religiosum
733 487 901 558 ducerent,
933 505 991 569 per
1014 487 1099 569 quod
1118 490 1282 571 jurantes,
1317 489 1343 554 si
1365 487 1521 573 fallerent,
1583 549 1585 552 .

282 583 333 652 dei
357 587 436 656 iram
460 589 587 654 minime
609 578 783 656 evitaturos
806 590 981 657 crederent.
1006 590 1087 657 Turn
1110 592 1164 673 qui
1187 593 1220 657 in
1243 591 1423 674 Singedone
1443 592 1522 658 urhe

280 707 435 759 summam
458 711 620 760 sacrorum
643 697 836 786 potestatam
858 693 999 761 habebat
1027 687 1052 780 (d
1073 703 1128 766 τῆς
1146 686 1325 783 Σιγγιδόνος
1338 695 1453 769 πόλεως
1468 703 1523 766 τῆν

279 791 506 888 ἀρχιερωσύνην),
524 786 644 862 'statim
667 803 779 864 sancta
797 795 902 864 Biblia
924 817 983 881 per
1004 798 1217 866 internuntios
1241 799 1324 865 tradi
1344 800 1449 881 jnssit.
1480 798 1524 864 Et

281 899 336 968 illc
358 900 486 984 quidem
508 899 671 966 occultans
695 919 735 966 ea
757 917 838 982 quae
859 907 965 968 mente
988 901 1149 981 volvebat,
1174 902 1273 969 multo
1296 920 1366 968 cum
1386 909 1524 969 tremore
1550 896 1555 904 '

283 1010 317 1072 et
338 1022 455 1086 magna
477 1021 548 1070 cum
570 1004 750 1071 reverentia
772 1023 807 1070 se
830 1024 870 1071 ea
892 1006 1053 1087 suscipere
1076 1006 1238 1084 simulans,
1267 1005 1409 1087 procedit
1432 1024 1450 1072 e
1473 1021 1523 1070 ca·

282 1109 407 1188 thedra,
431 1113 465 1175 et
487 1108 583 1175 alacri
607 1109 710 1174 auimo
734 1108 767 1173 in
790 1127 895 1192 genua
917 1111 1111 1196 provolutus,
1133 1109 1250 1175 iuravit
1268 1129 1327 1190 per
1341 1111 1445 1188 deum,
1470 1109 1522 1191 qui

283 1229 449 1279 sacrorum
471 1211 624 1278 librorum
646 1211 745 1278 verba
767 1210 936 1292 emisisset,
959 1229 994 1278 se
1017 1213 1050 1276 in
1072 1211 1158 1278 nullo
1182 1229 1301 1291 eorum,
1326 1230 1407 1293 quae
1431 1212 1523 1279 dixis-

285 1319 346 1394 set,
369 1315 496 1382 mentiri
519 1320 552 1382 et
573 1313 695 1382 fallere.
719 1313 832 1396 ltaque
856 1313 972 1381 Sethus
996 1315 1123 1382 admisit
1145 1315 1269 1398 legatos
1292 1315 1332 1381 ab
1349 1333 1386 1382 so
1401 1316 1523 1393 missos,

283 1421 316 1484 et
345 1416 388 1483 ad
417 1419 641 1501 imperatorem
658 1417 834 1484 ‘Tiberium
864 1419 898 1482 in
928 1419 1048 1500 regiam
1077 1409 1188 1485 urbem
1218 1420 1403 1484 transmisit.
1438 1418 1521 1483 Dum

282 1519 381 1602 legati
403 1519 662 1605 imperagrata,
695 1529 728 1588 et
749 1523 922 1604 imperator
944 1539 1000 1588 eos
1032 1521 1199 1589 admittere
1220 1529 1331 1605 parat,
1364 1521 1524 1606 chaganus

283 1624 408 1691 interea
437 1642 518 1708 opus
549 1643 612 1690 non
634 1625 821 1705 intermisit,
854 1625 911 1692 sed
933 1625 1017 1691 omni
1040 1645 1134 1706 cura,
1165 1625 1272 1693 studio
1295 1631 1329 1693 et
1351 1625 1523 1708 diligentia,

286 1729 354 1795 toto
376 1725 516 1796 Avarum
540 1730 735 1796 exercituin
757 1749 827 1796 earn
849 1748 917 1795 rem
939 1729 1156 1815 incumbente,
1191 1735 1321 1812 pontem
1345 1747 1440 1811 super
1463 1727 1524 1795 Sco

283 1831 414 1899 flumine
438 1832 583 1900 absolvit.
606 1833 733 1902 Etenim
757 1832 909 1915 perficere
933 1852 1013 1915 opus
1036 1839 1205 1918 statuerat,
1229 1839 1397 1914 autequam
1421 1851 1459 1900 ea
1474 1851 1525 1899 res

286 1935 328 2002 ad
351 1917 553 2018 imperatoris
577 1937 788 2020 cognitionem
810 1937 949 2016 veniret,
974 1955 1030 2017 ne,
1054 1937 1081 2002 si
1103 1937 1252 2016 resciret,
1276 1935 1526 2003 aedificationem

286 2039 468 2108 disturbare
489 2045 639 2107 tentaret.

328 2142 445 2225 ltaque
468 2142 603 2226 profecti
625 2143 762 2210 Avarum
785 2143 883 2230 legati
904 2143 938 2209 in
959 2142 1079 2227 regiam
1110 2144 1240 2223 urbem,
1271 2142 1311 2209 ab
1333 2142 1528 2225 imperatore

285 2245 465 2329 petierunt,
499 2250 537 2312 ut
571 2264 669 2313 naves
702 2252 910 2329 praepararet
950 2245 1090 2330 chagano
1125 2251 1159 2312 et
1191 2233 1329 2311 Avarum
1364 2245 1526 2330 exercitui,

287 2347 404 2431 quibus
433 2347 518 2416 Istro
548 2349 683 2432 trajecto
713 2351 746 2414 in
776 2347 941 2416 Sclavinos
969 2353 1143 2415 moverent.
1188 2349 1309 2415 Etenim
1339 2347 1527 2432 choganum,
1570 2395 1573 2402 .

288 2448 439 2519 fidentem
461 2451 609 2531 amicitia,
633 2470 715 2534 quae
736 2451 782 2518 illi
806 2469 875 2517 cum
899 2451 1049 2518 Romanis
1072 2457 1150 2530 erat,
1173 2454 1235 2517 iam
1257 2457 1387 2533 pontem
1403 2457 1553 2518 struere.

287 2572 386 2636 super
407 2551 469 2620 Sao
492 2551 620 2620 numne
650 2553 912 2638 propositumque
942 2555 1077 2633 habere,
1110 2572 1289 2621 communes
1320 2571 1395 2620 suos
1417 2553 1527 2620 hostes

287 2661 322 2725 et
342 2657 557 2725 Romanorum
586 2663 751 2725 conterere
774 2663 807 2725 et
828 2657 1030 2726 labefactare.
1054 2657 1145 2724 Haec
1166 2657 1280 2740 legatis
1296 2657 1526 2738 nuntiantibus,

288 2761 397 2828 statim
430 2767 541 2844 aperte
574 2763 749 2846 imperator
782 2761 930 2844 cognovit
962 2766 1110 2828 conatum
1143 2769 1177 2828 et
1206 2767 1344 2848 mentem
1385 2761 1526 2845 chagani.

288 2865 393 2946 Quum
422 2867 506 2932 enim
536 2866 652 2949 oppido
682 2863 795 2933 Sirmio
826 2857 890 2956 (miv
918 2865 1003 2929 πόλιν
1031 2865 1069 2928 τὰ
1097 2861 1220 2960 Σέρριον)
1258 2865 1353 2948 potiri
1383 2869 1526 2949 cuperet,

288 2975 419 3053 pontem
440 2969 577 3054 fecerat,
606 2975 643 3036 ut
664 2968 775 3054 oppidi
796 2968 915 3037 incolas
938 2970 1077 3036 omnium
1099 2988 1207 3038 rerum
1230 2975 1409 3036 commeatu
1430 2970 1528 3036 inter-

288 3073 434 3140 cluderet
455 3077 489 3140 et
510 3073 594 3140 farne
616 3072 658 3140 ad
681 3073 874 3140 deditionem
899 3073 1114 3155 compelleret.
1136 3073 1218 3139 Nam
1242 3091 1338 3156 quum
1357 3075 1529 3156 imperator

288 3177 418 3246 minime
447 3177 518 3259 paci
548 3195 618 3243 cum
648 3177 805 3245 Avaribus
835 3177 1029 3259 compositae
1053 3176 1226 3257 diffideret,
1256 3177 1289 3242 in
1312 3176 1422 3244 urbem
1445 3194 1528 3244 com·

288 3287 414 3348 meatus
445 3280 486 3347 ad
517 3280 711 3348 obsidionem
742 3280 942 3348 tolerandam
972 3281 1102 3348 idoneos
1132 3280 1239 3346 invehi
1266 3298 1330 3347 non
1353 3287 1528 3348 curaverat

288 3385 461 3452 Praeterea
475 3385 592 3469 copias,
609 3403 671 3450 non
685 3385 754 3451 dico
770 3403 853 3466 quae
868 3386 946 3451 satis
962 3389 1070 3451 essent
1082 3384 1123 3449 ad
1134 3384 1348 3450 resistendum
1361 3384 1526 3465 Ave-ribus,

290 3488 348 3556 sed
371 3506 412 3554 ne
435 3487 581 3555 minimas
604 3488 731 3570 quidem
754 3488 880 3555 omnino
903 3487 1051 3554 habebat.
1082 3487 1208 3555 Etenim
1232 3505 1342 3554 omnes
1365 3490 1528 3567 exercitus,

289 3609 369 3676 quos
392 3593 634 3673 conscripserat,
657 3592 786 3658 Persico
808 3591 892 3657 bello
917 3591 948 3656 in
971 3590 1121 3656 Armenia
1136 3596 1170 3658 et
1184 3590 1415 3674 Mesopotamia
1438 3607 1531 3658 occu·

289 3695 357 3778 pati
381 3699 482 3768 erant.
514 3695 602 3773 Quae
632 3700 738 3762 tamen
761 3695 866 3760 omnia
889 3693 1123 3770 dissimulabat,
1155 3701 1305 3775 tanquam
1328 3713 1392 3760 non
1414 3693 1529 3760 intelli·

290 3803 390 3882 gerat,
424 3817 487 3881 quo
511 3798 671 3882 chaganus
696 3798 852 3866 tenderet.
875 3799 990 3879 Itaque
1010 3801 1183 3880 imperator
1197 3797 1371 3880 respondit,
1396 3815 1431 3864 se
1454 3815 1529 3878 quo·

290 3921 354 3987 que
377 3901 460 3970 velle
483 3900 654 3981 Sclavinos,
679 3901 825 3984 quoniam
850 3902 1019 3986 plerasque
1034 3901 1248 3969 Romanorum
1270 3901 1416 3983 regiones
1439 3919 1530 3984 prae·

289 4007 357 4074 dati
386 4005 513 4075 lucrant
543 4011 577 4073 et
606 4007 779 4074 latrociniis
809 4011 1019 4085 vexaverant,
1052 4003 1137 4071 bello
1168 4006 1324 4086 persequi.
1360 4003 1424 4072 Sed
1454 4009 1530 4072 tunc

288 4110 443 4193 temporis
472 4127 535 4177 non
566 4115 780 4194 opportunum
809 4127 882 4177 esse
903 4108 1061 4175 Avaribus
1084 4127 1154 4174 eam
1178 4107 1412 4190 expeditionem
1434 4108 1530 4175 susci-

290 4231 383 4298 pere,
408 4213 482 4294 quia
504 4213 598 4280 'lumi
621 4205 762 4306 (Τούρκοι)
784 4215 852 4279 iam
870 4213 953 4278 circa
977 4211 1173 4279 Chersonem
1197 4216 1347 4296 agerent,
1379 4217 1413 4278 et
1435 4210 1462 4277 si
1484 4210 1530 4276 illi

290 4317 409 4384 Istrum
429 4317 621 4397 traiicerent,
647 4317 795 4384 celeriter
811 4317 880 4383 eius
895 4317 942 4381 rei
958 4317 1085 4382 nuntios
1101 4314 1263 4398 accepturi
1278 4321 1395 4384 essent.
1420 4315 1531 4396 ltaque

291 4419 487 4488 commodius
516 4420 564 4487 illi
593 4439 665 4488 esse
696 4419 906 4502 supersedere
929 4425 963 4486 et
984 4418 1113 4486 differre
1135 4419 1367 4502 expeditionem
1381 4419 1422 4494 ‚in
1445 4417 1531 4484 aliud

291 4529 427 4607 tempus.
458 4523 542 4603 Quid
564 4525 664 4591 velint
686 4523 781 4590 anci
804 4531 838 4590 et
860 4541 923 4606 que
945 4529 1035 4606 parte
1059 4522 1258 4608 progressuri
1281 4522 1361 4604 sint,
1386 4540 1422 4590 se
1443 4521 1531 4590 brevi
