<?xml version="1.0" encoding="UTF-8"?>
<!DOCTYPE html PUBLIC "-//W3C//DTD XHTML 1.0 Transitional//EN"
    "http://www.w3.org/TR/xhtml1/DTD/xhtml1-transitional.dtd">
<html xmlns="http://www.w3.org/1999/xhtml" xml:lang="en" lang="en">
 <head>
  <title>
</title>
<meta http-equiv="Content-Type" content="text/html;charset=utf-8" />
  <meta name='ocr-system' content='tesseract 3.04.00' />
  <meta name='ocr-capabilities' content='ocr_page ocr_carea ocr_par ocr_line ocrx_word'/>
</head>
<body>
  <div class='ocr_page' id='page_1' title='image "./documentahistor00ragoog_0395.png"; bbox 0 0 3572 5276; ppageno 0'>
   <div class='ocr_carea' id='block_1_1' title="bbox 1349 431 1412 495">
    <p class='ocr_par' dir='ltr' id='par_1_1' title="bbox 1349 431 1412 495">
     <span class='ocr_line' id='line_1_1' title="bbox 1349 431 1412 495; baseline 0.032 -2"><span class='ocrx_word' id='word_1_1' title='bbox 1349 431 1412 495; x_wconf 73' lang='grc'>365</span> 
     </span>
    </p>
   </div>
   <div class='ocr_carea' id='block_1_2' title="bbox 167 617 1412 760">
    <p class='ocr_par' dir='ltr' id='par_1_2' title="bbox 167 617 1412 760">
     <span class='ocr_line' id='line_1_2' title="bbox 167 617 1412 760; baseline 0.016 -90"><span class='ocrx_word' id='word_1_2' title='bbox 167 618 224 760; x_wconf 60' lang='lat'>445¹</span> <span class='ocrx_word' id='word_1_3' title='bbox 241 617 329 674; x_wconf 82' lang='lat' dir='ltr'>Dend.</span> <span class='ocrx_word' id='word_1_4' title='bbox 350 627 462 689; x_wconf 76' lang='lat' dir='ltr'>„cenna</span> <span class='ocrx_word' id='word_1_5' title='bbox 479 621 636 694; x_wconf 77' lang='lat' dir='ltr'>Domagoi“.</span> <span class='ocrx_word' id='word_1_6' title='bbox 728 627 738 656; x_wconf 82' lang='lat'>²</span> <span class='ocrx_word' id='word_1_7' title='bbox 755 624 807 681; x_wconf 91' lang='lat' dir='ltr'>Die</span> <span class='ocrx_word' id='word_1_8' title='bbox 825 629 859 682; x_wconf 79' lang='lat'>23</span> <span class='ocrx_word' id='word_1_9' title='bbox 877 625 1042 696; x_wconf 72' lang='lat' dir='ltr'>Septembris</span> <span class='ocrx_word' id='word_1_10' title='bbox 1060 629 1119 684; x_wconf 83' lang='lat'><strong>867.</strong></span> <span class='ocrx_word' id='word_1_11' title='bbox 1143 629 1248 686; x_wconf 80' lang='lat' dir='ltr'>Muralt</span> <span class='ocrx_word' id='word_1_12' title='bbox 1265 648 1309 702; x_wconf 93' lang='lat' dir='ltr'>op.</span> <span class='ocrx_word' id='word_1_13' title='bbox 1327 635 1372 692; x_wconf 83' lang='lat' dir='ltr'>cit</span> <span class='ocrx_word' id='word_1_14' title='bbox 1391 635 1412 706; x_wconf 86' lang='lat'>1,</span> 
     </span>
    </p>
   </div>
   <div class='ocr_carea' id='block_1_3' title="bbox 749 861 804 954">
    <p class='ocr_par' dir='ltr' id='par_1_3' title="bbox 749 861 804 954">
     <span class='ocr_line' id='line_1_3' title="bbox 749 861 804 954; baseline -0.018 -34"><span class='ocrx_word' id='word_1_15' title='bbox 749 861 804 954; x_wconf 29' lang='lat'>‘4.</span> 
     </span>
    </p>
   </div>
   <div class='ocr_carea' id='block_1_4' title="bbox 167 937 282 1001">
    <p class='ocr_par' dir='ltr' id='par_1_4' title="bbox 167 937 282 1001">
     <span class='ocr_line' id='line_1_4' title="bbox 167 937 282 1001; baseline 0.035 -5"><span class='ocrx_word' id='word_1_16' title='bbox 167 937 223 998; x_wconf 83' lang='lat' dir='ltr'>iano</span> <span class='ocrx_word' id='word_1_17' title='bbox 238 941 282 1001; x_wconf 77' lang='lat' dir='ltr'>tit.</span> 
     </span>
    </p>
   </div>
   <div class='ocr_carea' id='block_1_5' title="bbox 82 1056 1409 1252">
    <p class='ocr_par' dir='ltr' id='par_1_5' title="bbox 82 1056 1409 1252">
     <span class='ocr_line' id='line_1_5' title="bbox 82 1056 1409 1158; baseline 0.011 -38"><span class='ocrx_word' id='word_1_18' title='bbox 82 1137 88 1150; x_wconf 38' lang='grc' dir='ltr'>Ι</span> <span class='ocrx_word' id='word_1_19' title='bbox 166 1056 318 1124; x_wconf 79' lang='lat' dir='ltr'><strong><em>Saraceni</em></strong></span> <span class='ocrx_word' id='word_1_20' title='bbox 342 1056 540 1124; x_wconf 82' lang='lat' dir='ltr'>Bracieneem</span> <span class='ocrx_word' id='word_1_21' title='bbox 564 1060 745 1127; x_wconf 78' lang='lat' dir='ltr'><em>Dalmatiae</em></span> <span class='ocrx_word' id='word_1_22' title='bbox 760 1064 906 1147; x_wconf 80' lang='lat' dir='ltr'>insulam,</span> <span class='ocrx_word' id='word_1_23' title='bbox 930 1063 1019 1129; x_wconf 79' lang='lat' dir='ltr'>Slaoi</span> <span class='ocrx_word' id='word_1_24' title='bbox 1034 1064 1149 1130; x_wconf 85' lang='lat' dir='ltr'>Istriae</span> <span class='ocrx_word' id='word_1_25' title='bbox 1164 1069 1231 1132; x_wconf 86' lang='lat' dir='ltr'>loca</span> <span class='ocrx_word' id='word_1_26' title='bbox 1247 1070 1409 1158; x_wconf 73' lang='lat' dir='ltr'>intrudunt,</span> 
     </span>
     <span class='ocr_line' id='line_1_6' title="bbox 609 1165 965 1252; baseline 0.011 -22"><span class='ocrx_word' id='word_1_27' title='bbox 609 1165 793 1252; x_wconf 77' lang='lat' dir='ltr'><em>Venetosque</em></span> <span class='ocrx_word' id='word_1_28' title='bbox 814 1168 965 1234; x_wconf 72' lang='lat' dir='ltr'>occidnut.</span> 
     </span>
    </p>
   </div>
   <div class='ocr_carea' id='block_1_6' title="bbox 68 1285 1408 1598">
    <p class='ocr_par' dir='ltr' id='par_1_6' title="bbox 68 1285 1408 1598">
     <span class='ocr_line' id='line_1_7' title="bbox 212 1285 1408 1369; baseline 0.008 -17"><span class='ocrx_word' id='word_1_29' title='bbox 212 1285 362 1369; x_wconf 84' lang='lat' dir='ltr'>Sequenti</span> <span class='ocrx_word' id='word_1_30' title='bbox 397 1307 473 1352; x_wconf 87' lang='lat' dir='ltr'>vero</span> <span class='ocrx_word' id='word_1_31' title='bbox 504 1289 601 1353; x_wconf 89' lang='lat' dir='ltr'>aun0¹</span> <span class='ocrx_word' id='word_1_32' title='bbox 626 1308 733 1356; x_wconf 91' lang='lat' dir='ltr'>mense</span> <span class='ocrx_word' id='word_1_33' title='bbox 763 1289 860 1355; x_wconf 92' lang='lat' dir='ltr'>Madii</span> <span class='ocrx_word' id='word_1_34' title='bbox 893 1292 969 1356; x_wconf 88' lang='lat' dir='ltr'>item</span> <span class='ocrx_word' id='word_1_35' title='bbox 994 1290 1160 1356; x_wconf 86' lang='lat' dir='ltr'>Sarraceni</span> <span class='ocrx_word' id='word_1_36' title='bbox 1185 1291 1283 1359; x_wconf 86' lang='lat' dir='ltr'>Creta</span> <span class='ocrx_word' id='word_1_37' title='bbox 1306 1295 1408 1362; x_wconf 89' lang='lat' dir='ltr'>insuia</span> 
     </span>
     <span class='ocr_line' id='line_1_8' title="bbox 167 1392 1406 1480; baseline 0.007 -24"><span class='ocrx_word' id='word_1_38' title='bbox 167 1392 378 1473; x_wconf 79' lang='lat' dir='ltr'>egredientes,</span> <span class='ocrx_word' id='word_1_39' title='bbox 403 1394 557 1471; x_wconf 83' lang='lat' dir='ltr'>quasdem</span> <span class='ocrx_word' id='word_1_40' title='bbox 580 1393 813 1458; x_wconf 81' lang='lat' dir='ltr'>Dalmatiarum</span> <span class='ocrx_word' id='word_1_41' title='bbox 837 1395 933 1460; x_wconf 85' lang='lat' dir='ltr'>urbes</span> <span class='ocrx_word' id='word_1_42' title='bbox 957 1395 1142 1477; x_wconf 89' lang='lat' dir='ltr'>depopulati</span> <span class='ocrx_word' id='word_1_43' title='bbox 1164 1405 1247 1479; x_wconf 89' lang='lat' dir='ltr'>sunt,</span> <span class='ocrx_word' id='word_1_44' title='bbox 1272 1401 1406 1480; x_wconf 89' lang='lat' dir='ltr'>pariter·</span> 
     </span>
     <span class='ocr_line' id='line_1_9' title="bbox 68 1495 1408 1598; baseline 0.007 -37"><span class='ocrx_word' id='word_1_45' title='bbox 68 1579 77 1598; x_wconf 34' lang='grc' dir='ltr'>ι</span> <span class='ocrx_word' id='word_1_46' title='bbox 168 1516 229 1578; x_wconf 90' lang='lat' dir='ltr'>que</span> <span class='ocrx_word' id='word_1_47' title='bbox 253 1497 349 1562; x_wconf 89' lang='lat' dir='ltr'>etiam</span> <span class='ocrx_word' id='word_1_48' title='bbox 371 1495 575 1562; x_wconf 88' lang='lat' dir='ltr'>Braciensem</span> <span class='ocrx_word' id='word_1_49' title='bbox 593 1499 734 1563; x_wconf 87' lang='lat' dir='ltr'>eiusdem</span> <span class='ocrx_word' id='word_1_50' title='bbox 752 1498 933 1579; x_wconf 82' lang='lat' dir='ltr'>provinciae</span> <span class='ocrx_word' id='word_1_51' title='bbox 948 1497 1076 1565; x_wconf 75' lang='lat' dir='ltr'>urbem²</span> <span class='ocrx_word' id='word_1_52' title='bbox 1100 1500 1292 1567; x_wconf 87' lang='lat' dir='ltr'>invaserunt.</span> <span class='ocrx_word' id='word_1_53' title='bbox 1317 1502 1408 1581; x_wconf 82' lang='lat' dir='ltr'>Quod</span> 
     </span>
    </p>
   </div>
   <div class='ocr_carea' id='block_1_7' title="bbox 169 1601 1408 1770">
    <p class='ocr_par' dir='ltr' id='par_1_7' title="bbox 169 1601 1408 1770">
     <span class='ocr_line' id='line_1_10' title="bbox 169 1601 1408 1684; baseline 0.006 -20"><span class='ocrx_word' id='word_1_54' title='bbox 169 1619 239 1664; x_wconf 91' lang='lat' dir='ltr'>cnm</span> <span class='ocrx_word' id='word_1_55' title='bbox 263 1602 378 1666; x_wconf 91' lang='lat' dir='ltr'>domno</span> <span class='ocrx_word' id='word_1_56' title='bbox 401 1601 485 1666; x_wconf 89' lang='lat' dir='ltr'>Urso</span> <span class='ocrx_word' id='word_1_57' title='bbox 508 1601 581 1666; x_wconf 90' lang='lat' dir='ltr'>duci</span> <span class='ocrx_word' id='word_1_58' title='bbox 604 1601 824 1667; x_wconf 84' lang='lat' dir='ltr'>denunciatum</span> <span class='ocrx_word' id='word_1_59' title='bbox 854 1601 955 1681; x_wconf 87' lang='lat' dir='ltr'>foret,</span> <span class='ocrx_word' id='word_1_60' title='bbox 986 1623 1115 1684; x_wconf 90' lang='lat' dir='ltr'>parvam</span> <span class='ocrx_word' id='word_1_61' title='bbox 1139 1605 1313 1670; x_wconf 88' lang='lat' dir='ltr'>naviculam</span> <span class='ocrx_word' id='word_1_62' title='bbox 1338 1626 1408 1672; x_wconf 90' lang='lat' dir='ltr'>cum</span> 
     </span>
     <span class='ocr_line' id='line_1_11' title="bbox 171 1688 1406 1770; baseline 0.006 -20"><span class='ocrx_word' id='word_1_63' title='bbox 171 1693 208 1750; x_wconf 87' lang='grc'>14</span> <span class='ocrx_word' id='word_1_64' title='bbox 232 1688 410 1753; x_wconf 90' lang='lat' dir='ltr'>bominibus</span> <span class='ocrx_word' id='word_1_65' title='bbox 434 1688 473 1753; x_wconf 95' lang='lat' dir='ltr'>ad</span> <span class='ocrx_word' id='word_1_66' title='bbox 497 1689 626 1753; x_wconf 88' lang='lat' dir='ltr'>istriam</span> <span class='ocrx_word' id='word_1_67' title='bbox 651 1693 751 1770; x_wconf 82' lang='lat' dir='ltr'>usque</span> <span class='ocrx_word' id='word_1_68' title='bbox 775 1689 937 1754; x_wconf 87' lang='lat' dir='ltr'>destinare</span> <span class='ocrx_word' id='word_1_69' title='bbox 961 1691 1020 1756; x_wconf 89' lang='lat' dir='ltr'>snb</span> <span class='ocrx_word' id='word_1_70' title='bbox 1043 1689 1251 1759; x_wconf 83' lang='lat' dir='ltr'>festinacione</span> <span class='ocrx_word' id='word_1_71' title='bbox 1274 1695 1406 1769; x_wconf 80' lang='lat' dir='ltr'>studuit,</span> 
     </span>
    </p>
   </div>
   <div class='ocr_carea' id='block_1_8' title="bbox 162 1790 1408 2706">
    <p class='ocr_par' dir='ltr' id='par_1_8' title="bbox 162 1790 1408 2706">
     <span class='ocr_line' id='line_1_12' title="bbox 166 1790 1408 1876; baseline 0.008 -22"><span class='ocrx_word' id='word_1_72' title='bbox 166 1797 341 1872; x_wconf 84' lang='lat' dir='ltr'>qnatenus,</span> <span class='ocrx_word' id='word_1_73' title='bbox 378 1790 527 1857; x_wconf 81' lang='lat' dir='ltr'>Saraceni</span> <span class='ocrx_word' id='word_1_74' title='bbox 560 1811 600 1857; x_wconf 93' lang='lat' dir='ltr'>ne</span> <span class='ocrx_word' id='word_1_75' title='bbox 631 1791 714 1857; x_wconf 88' lang='lat' dir='ltr'>forte</span> <span class='ocrx_word' id='word_1_76' title='bbox 744 1792 913 1858; x_wconf 82' lang='lat' dir='ltr'>Veneriam</span> <span class='ocrx_word' id='word_1_77' title='bbox 944 1798 1054 1875; x_wconf 89' lang='lat' dir='ltr'>petere</span> <span class='ocrx_word' id='word_1_78' title='bbox 1084 1794 1203 1860; x_wconf 84' lang='lat' dir='ltr'>veilent</span> <span class='ocrx_word' id='word_1_79' title='bbox 1233 1796 1283 1860; x_wconf 88' lang='lat' dir='ltr'>vei</span> <span class='ocrx_word' id='word_1_80' title='bbox 1306 1797 1408 1876; x_wconf 85' lang='lat' dir='ltr'>quatis</span> 
     </span>
     <span class='ocr_line' id='line_1_13' title="bbox 165 1893 1407 1980; baseline 0.005 -20"><span class='ocrx_word' id='word_1_81' title='bbox 165 1915 274 1962; x_wconf 87' lang='lat' dir='ltr'>eornm</span> <span class='ocrx_word' id='word_1_82' title='bbox 299 1893 453 1961; x_wconf 87' lang='lat' dir='ltr'>fortitudo</span> <span class='ocrx_word' id='word_1_83' title='bbox 478 1895 679 1980; x_wconf 70' lang='lat' dir='ltr'>subsisteret,</span> <span class='ocrx_word' id='word_1_84' title='bbox 703 1897 870 1976; x_wconf 84' lang='lat' dir='ltr'>explorare</span> <span class='ocrx_word' id='word_1_85' title='bbox 893 1896 1055 1962; x_wconf 92' lang='lat' dir='ltr'>deberent.</span> <span class='ocrx_word' id='word_1_86' title='bbox 1081 1897 1141 1974; x_wconf 79' lang='lat' dir='ltr'>Qui</span> <span class='ocrx_word' id='word_1_87' title='bbox 1165 1916 1235 1964; x_wconf 91' lang='lat' dir='ltr'>cum</span> <span class='ocrx_word' id='word_1_88' title='bbox 1252 1899 1407 1966; x_wconf 87' lang='lat' dir='ltr'>Gradensi</span> 
     </span>
     <span class='ocr_line' id='line_1_14' title="bbox 165 1999 1406 2086; baseline 0.006 -24"><span class='ocrx_word' id='word_1_89' title='bbox 165 2000 205 2064; x_wconf 89' lang='lat' dir='ltr'>de</span> <span class='ocrx_word' id='word_1_90' title='bbox 230 1999 358 2065; x_wconf 81' lang='lat' dir='ltr'>civitate</span> <span class='ocrx_word' id='word_1_91' title='bbox 382 1999 507 2064; x_wconf 86' lang='lat' dir='ltr'>Istriam</span> <span class='ocrx_word' id='word_1_92' title='bbox 532 1999 663 2081; x_wconf 89' lang='lat' dir='ltr'>petituri</span> <span class='ocrx_word' id='word_1_93' title='bbox 686 2001 833 2080; x_wconf 85' lang='lat' dir='ltr'>exissent,</span> <span class='ocrx_word' id='word_1_94' title='bbox 858 2000 1015 2081; x_wconf 87' lang='lat' dir='ltr'>predones</span> <span class='ocrx_word' id='word_1_95' title='bbox 1038 1999 1151 2078; x_wconf 73' lang='lat' dir='ltr'>sclavi,</span> <span class='ocrx_word' id='word_1_96' title='bbox 1182 2003 1234 2083; x_wconf 90' lang='lat' dir='ltr'>qni</span> <span class='ocrx_word' id='word_1_97' title='bbox 1257 2004 1289 2067; x_wconf 90' lang='lat' dir='ltr'>in</span> <span class='ocrx_word' id='word_1_98' title='bbox 1311 2009 1406 2086; x_wconf 89' lang='lat' dir='ltr'>portu</span> 
     </span>
     <span class='ocr_line' id='line_1_15' title="bbox 164 2101 1404 2197; baseline 0.002 -29"><span class='ocrx_word' id='word_1_99' title='bbox 164 2101 320 2168; x_wconf 75' lang='lat' dir='ltr'>Siivodis⁸</span> <span class='ocrx_word' id='word_1_100' title='bbox 344 2102 459 2168; x_wconf 86' lang='lat' dir='ltr'>reclusi</span> <span class='ocrx_word' id='word_1_101' title='bbox 483 2103 660 2182; x_wconf 82' lang='lat' dir='ltr'>latitabant,</span> <span class='ocrx_word' id='word_1_102' title='bbox 685 2121 781 2197; x_wconf 85' lang='lat' dir='ltr'>supra</span> <span class='ocrx_word' id='word_1_103' title='bbox 804 2105 937 2170; x_wconf 85' lang='lat' dir='ltr'>eandem</span> <span class='ocrx_word' id='word_1_104' title='bbox 960 2104 1136 2169; x_wconf 86' lang='lat' dir='ltr'>naviculam</span> <span class='ocrx_word' id='word_1_105' title='bbox 1158 2105 1309 2170; x_wconf 86' lang='lat' dir='ltr'>velociter</span> <span class='ocrx_word' id='word_1_106' title='bbox 1323 2109 1404 2172; x_wconf 89' lang='lat' dir='ltr'>irru-</span> 
     </span>
     <span class='ocr_line' id='line_1_16' title="bbox 164 2205 1405 2291; baseline 0.003 -19"><span class='ocrx_word' id='word_1_107' title='bbox 164 2213 265 2272; x_wconf 85' lang='lat' dir='ltr'>erunt</span> <span class='ocrx_word' id='word_1_108' title='bbox 288 2206 353 2274; x_wconf 92' lang='lat' dir='ltr'>Ubi</span> <span class='ocrx_word' id='word_1_109' title='bbox 376 2225 446 2272; x_wconf 90' lang='lat' dir='ltr'>eum</span> <span class='ocrx_word' id='word_1_110' title='bbox 470 2213 605 2288; x_wconf 89' lang='lat' dir='ltr'>uterque</span> <span class='ocrx_word' id='word_1_111' title='bbox 628 2225 701 2288; x_wconf 85' lang='lat' dir='ltr'>pars</span> <span class='ocrx_word' id='word_1_112' title='bbox 717 2205 843 2272; x_wconf 78' lang='lat' dir='ltr'>sortiter</span> <span class='ocrx_word' id='word_1_113' title='bbox 857 2208 1030 2289; x_wconf 86' lang='lat' dir='ltr'>dimicaret,</span> <span class='ocrx_word' id='word_1_114' title='bbox 1052 2209 1205 2291; x_wconf 90' lang='lat' dir='ltr'>multique</span> <span class='ocrx_word' id='word_1_115' title='bbox 1222 2208 1405 2276; x_wconf 89' lang='lat' dir='ltr'>Sclavorum</span> 
     </span>
     <span class='ocr_line' id='line_1_17' title="bbox 163 2309 1405 2393; baseline 0.004 -19"><span class='ocrx_word' id='word_1_116' title='bbox 163 2311 306 2392; x_wconf 79' lang='lat' dir='ltr'>percussi</span> <span class='ocrx_word' id='word_1_117' title='bbox 335 2309 524 2389; x_wconf 74' lang='lat' dir='ltr'>deficerent,</span> <span class='ocrx_word' id='word_1_118' title='bbox 558 2311 725 2376; x_wconf 88' lang='lat' dir='ltr'>novissime</span> <span class='ocrx_word' id='word_1_119' title='bbox 758 2329 832 2376; x_wconf 89' lang='lat' dir='ltr'>vero</span> <span class='ocrx_word' id='word_1_120' title='bbox 856 2317 950 2393; x_wconf 86' lang='lat' dir='ltr'>capta</span> <span class='ocrx_word' id='word_1_121' title='bbox 972 2312 1197 2377; x_wconf 73' lang='lat' dir='ltr'>veneticorum</span> <span class='ocrx_word' id='word_1_122' title='bbox 1221 2313 1261 2378; x_wconf 87' lang='lat' dir='ltr'>ab</span> <span class='ocrx_word' id='word_1_123' title='bbox 1285 2315 1405 2379; x_wconf 83' lang='lat' dir='ltr'>eisdem</span> 
     </span>
     <span class='ocr_line' id='line_1_18' title="bbox 164 2411 1404 2497; baseline 0.005 -19"><span class='ocrx_word' id='word_1_124' title='bbox 164 2411 284 2480; x_wconf 85' lang='lat' dir='ltr'>Sciavis</span> <span class='ocrx_word' id='word_1_125' title='bbox 307 2414 462 2490; x_wconf 78' lang='lat' dir='ltr'>navicula</span> <span class='ocrx_word' id='word_1_126' title='bbox 488 2433 596 2481; x_wconf 73' lang='lat' dir='ltr'>oannes</span> <span class='ocrx_word' id='word_1_127' title='bbox 619 2415 773 2497; x_wconf 85' lang='lat' dir='ltr'>Venetici,</span> <span class='ocrx_word' id='word_1_128' title='bbox 798 2415 850 2495; x_wconf 91' lang='lat' dir='ltr'>qui</span> <span class='ocrx_word' id='word_1_129' title='bbox 866 2415 951 2480; x_wconf 89' lang='lat' dir='ltr'>intus</span> <span class='ocrx_word' id='word_1_130' title='bbox 968 2422 1068 2494; x_wconf 87' lang='lat' dir='ltr'>erant,</span> <span class='ocrx_word' id='word_1_131' title='bbox 1093 2416 1186 2482; x_wconf 85' lang='lat' dir='ltr'>occisi</span> <span class='ocrx_word' id='word_1_132' title='bbox 1202 2423 1284 2482; x_wconf 89' lang='lat' dir='ltr'>sant.</span> <span class='ocrx_word' id='word_1_133' title='bbox 1308 2417 1404 2484; x_wconf 88' lang='lat' dir='ltr'>Prae-</span> 
     </span>
     <span class='ocr_line' id='line_1_19' title="bbox 162 2517 1404 2603; baseline 0.002 -19"><span class='ocrx_word' id='word_1_134' title='bbox 162 2520 236 2584; x_wconf 87' lang='lat' dir='ltr'>dicti</span> <span class='ocrx_word' id='word_1_135' title='bbox 261 2524 366 2585; x_wconf 88' lang='lat' dir='ltr'>autem</span> <span class='ocrx_word' id='word_1_136' title='bbox 390 2517 555 2584; x_wconf 86' lang='lat' dir='ltr'>Sarraceni</span> <span class='ocrx_word' id='word_1_137' title='bbox 580 2519 727 2596; x_wconf 78' lang='lat' dir='ltr'>urbibus,</span> <span class='ocrx_word' id='word_1_138' title='bbox 763 2537 841 2600; x_wconf 86' lang='lat' dir='ltr'>quas</span> <span class='ocrx_word' id='word_1_139' title='bbox 865 2519 1019 2603; x_wconf 86' lang='lat' dir='ltr'>diximus,</span> <span class='ocrx_word' id='word_1_140' title='bbox 1044 2520 1238 2601; x_wconf 59' lang='lat' dir='ltr'>devastatis</span> <span class='ocrx_word' id='word_1_141' title='bbox 1263 2541 1332 2586; x_wconf 88' lang='lat' dir='ltr'>eum</span> <span class='ocrx_word' id='word_1_142' title='bbox 1356 2523 1404 2586; x_wconf 92' lang='lat' dir='ltr'>in-</span> 
     </span>
     <span class='ocr_line' id='line_1_20' title="bbox 165 2623 955 2706; baseline -0.001 -19"><span class='ocrx_word' id='word_1_143' title='bbox 165 2624 336 2689; x_wconf 83' lang='lat' dir='ltr'>estimabili</span> <span class='ocrx_word' id='word_1_144' title='bbox 360 2625 460 2706; x_wconf 89' lang='lat' dir='ltr'>preda</span> <span class='ocrx_word' id='word_1_145' title='bbox 482 2625 523 2688; x_wconf 92' lang='lat' dir='ltr'>ad</span> <span class='ocrx_word' id='word_1_146' title='bbox 546 2623 704 2704; x_wconf 87' lang='lat' dir='ltr'>propriam</span> <span class='ocrx_word' id='word_1_147' title='bbox 728 2628 802 2688; x_wconf 88' lang='lat' dir='ltr'>sunt</span> <span class='ocrx_word' id='word_1_148' title='bbox 825 2624 955 2689; x_wconf 87' lang='lat' dir='ltr'>reversi.</span> 
     </span>
    </p>
   </div>
   <div class='ocr_carea' id='block_1_9' title="bbox 206 2723 1402 2912">
    <p class='ocr_par' dir='ltr' id='par_1_9' title="bbox 206 2723 1402 2912">
     <span class='ocr_line' id='line_1_21' title="bbox 246 2723 1402 2826; baseline 0.002 -19"><span class='ocrx_word' id='word_1_149' title='bbox 246 2747 392 2808; x_wconf 78' lang='lat' dir='ltr'>&#39;iohannis</span> <span class='ocrx_word' id='word_1_150' title='bbox 411 2747 511 2808; x_wconf 84' lang='lat' dir='ltr'>chron.</span> <span class='ocrx_word' id='word_1_151' title='bbox 529 2751 625 2808; x_wconf 76' lang='lat' dir='ltr'>senet.</span> <span class='ocrx_word' id='word_1_152' title='bbox 650 2748 737 2806; x_wconf 82' lang='lat' dir='ltr'>Perta</span> <span class='ocrx_word' id='word_1_153' title='bbox 758 2745 810 2807; x_wconf 79' lang='lat' dir='ltr'>SS.</span> <span class='ocrx_word' id='word_1_154' title='bbox 827 2748 893 2826; x_wconf 86' lang='lat' dir='ltr'>VII,</span> <span class='ocrx_word' id='word_1_155' title='bbox 920 2750 968 2809; x_wconf 82' lang='lat'>19.</span> <span class='ocrx_word' id='word_1_156' title='bbox 993 2747 1028 2810; x_wconf 78' lang='lat' dir='ltr'>A.</span> <span class='ocrx_word' id='word_1_157' title='bbox 1046 2723 1174 2809; x_wconf 83' lang='lat' dir='ltr'>Denduii</span> <span class='ocrx_word' id='word_1_158' title='bbox 1198 2748 1328 2811; x_wconf 90' lang='lat' dir='ltr'>chronic.</span> <span class='ocrx_word' id='word_1_159' title='bbox 1355 2749 1402 2810; x_wconf 91' lang='lat' dir='ltr'>ed.</span> 
     </span>
     <span class='ocr_line' id='line_1_22' title="bbox 206 2835 521 2912; baseline -0.003 -19"><span class='ocrx_word' id='word_1_160' title='bbox 206 2835 349 2893; x_wconf 82' lang='lat' dir='ltr'>Muratori</span> <span class='ocrx_word' id='word_1_161' title='bbox 364 2835 431 2912; x_wconf 82' lang='lat' dir='ltr'>XII,</span> <span class='ocrx_word' id='word_1_162' title='bbox 452 2837 521 2894; x_wconf 82' lang='lat'>183.</span> 
     </span>
    </p>
   </div>
   <div class='ocr_carea' id='block_1_10' title="bbox 160 2951 1403 3198">
    <p class='ocr_par' dir='ltr' id='par_1_10' title="bbox 160 2951 1403 3198">
     <span class='ocr_line' id='line_1_23' title="bbox 202 2951 1403 3023; baseline 0.001 -17"><span class='ocrx_word' id='word_1_163' title='bbox 202 2951 337 3007; x_wconf 81' lang='lat' dir='ltr'>&#39;Scilicet</span> <span class='ocrx_word' id='word_1_164' title='bbox 361 2957 424 3022; x_wconf 88' lang='lat' dir='ltr'>post</span> <span class='ocrx_word' id='word_1_165' title='bbox 447 2960 554 3020; x_wconf 81' lang='lat' dir='ltr'>captam</span> <span class='ocrx_word' id='word_1_166' title='bbox 579 2951 684 3021; x_wconf 85' lang='lat' dir='ltr'>Barim,</span> <span class='ocrx_word' id='word_1_167' title='bbox 715 2951 836 3019; x_wconf 85' lang='lat' dir='ltr'>adeoque</span> <span class='ocrx_word' id='word_1_168' title='bbox 854 2967 925 3006; x_wconf 87' lang='lat' dir='ltr'>anno</span> <span class='ocrx_word' id='word_1_169' title='bbox 943 2953 1003 3006; x_wconf 80' lang='lat'><strong>872.</strong></span> <span class='ocrx_word' id='word_1_170' title='bbox 1095 2952 1224 3008; x_wconf 74' lang='lat' dir='ltr'>&#39;rectius</span> <span class='ocrx_word' id='word_1_171' title='bbox 1245 2953 1403 3023; x_wconf 84' lang='lat' dir='ltr'>„insulam“.</span> 
     </span>
     <span class='ocr_line' id='line_1_24' title="bbox 164 3038 1402 3108; baseline 0.002 -16"><span class='ocrx_word' id='word_1_172' title='bbox 164 3041 173 3071; x_wconf 88' lang='lat'><strong>³</strong></span> <span class='ocrx_word' id='word_1_173' title='bbox 192 3038 311 3094; x_wconf 84' lang='lat' dir='ltr'>Dandni.</span> <span class='ocrx_word' id='word_1_174' title='bbox 332 3039 495 3108; x_wconf 77' lang='lat' dir='ltr'>„Silsoclis“.</span> <span class='ocrx_word' id='word_1_175' title='bbox 516 3039 555 3093; x_wconf 83' lang='lat' dir='ltr'>ef.</span> <span class='ocrx_word' id='word_1_176' title='bbox 573 3039 656 3108; x_wconf 86' lang='lat' dir='ltr'>Silvo,</span> <span class='ocrx_word' id='word_1_177' title='bbox 675 3038 749 3094; x_wconf 89' lang='lat' dir='ltr'>Silbo</span> <span class='ocrx_word' id='word_1_178' title='bbox 769 3039 797 3093; x_wconf 91' lang='lat' dir='ltr'>in</span> <span class='ocrx_word' id='word_1_179' title='bbox 815 3038 899 3094; x_wconf 82' lang='lat' dir='ltr'>latria</span> <span class='ocrx_word' id='word_1_180' title='bbox 917 3039 1074 3108; x_wconf 76' lang='lat' dir='ltr'>(Forbigerz</span> <span class='ocrx_word' id='word_1_181' title='bbox 1092 3039 1245 3096; x_wconf 84' lang='lat' dir='ltr'>Handbneh</span> <span class='ocrx_word' id='word_1_182' title='bbox 1264 3040 1312 3096; x_wconf 84' lang='lat' dir='ltr'>der</span> <span class='ocrx_word' id='word_1_183' title='bbox 1329 3041 1402 3096; x_wconf 82' lang='lat' dir='ltr'>atton</span> 
     </span>
     <span class='ocr_line' id='line_1_25' title="bbox 160 3125 998 3198; baseline -0.005 -15"><span class='ocrx_word' id='word_1_184' title='bbox 160 3127 331 3198; x_wconf 81' lang='lat' dir='ltr'>Geograpbie</span> <span class='ocrx_word' id='word_1_185' title='bbox 349 3127 398 3195; x_wconf 88' lang='lat' dir='ltr'>ln,</span> <span class='ocrx_word' id='word_1_186' title='bbox 418 3129 481 3196; x_wconf 83' lang='grc'>588)</span> <span class='ocrx_word' id='word_1_187' title='bbox 500 3125 535 3181; x_wconf 87' lang='lat' dir='ltr'>ad</span> <span class='ocrx_word' id='word_1_188' title='bbox 553 3128 704 3196; x_wconf 78' lang='lat' dir='ltr'>inpressum</span> <span class='ocrx_word' id='word_1_189' title='bbox 721 3127 749 3180; x_wconf 91' lang='lat' dir='ltr'>in</span> <span class='ocrx_word' id='word_1_190' title='bbox 768 3133 876 3196; x_wconf 88' lang='lat' dir='ltr'>portam</span> <span class='ocrx_word' id='word_1_191' title='bbox 895 3125 998 3180; x_wconf 87' lang='lat' dir='ltr'>Pirani.</span> 
     </span>
    </p>
   </div>
   <div class='ocr_carea' id='block_1_11' title="bbox 159 3344 789 3492">
    <p class='ocr_par' dir='ltr' id='par_1_11' title="bbox 159 3344 789 3492">
     <span class='ocr_line' id='line_1_26' title="bbox 760 3344 789 3403; baseline 0.034 -1"><span class='ocrx_word' id='word_1_192' title='bbox 760 3344 789 3403; x_wconf 82' lang='lat'>5.</span> 
     </span>
     <span class='ocr_line' id='line_1_27' title="bbox 159 3427 279 3492; baseline 0.008 -3"><span class='ocrx_word' id='word_1_193' title='bbox 159 3427 183 3492; x_wconf 85' lang='lat' dir='ltr'>t.</span> <span class='ocrx_word' id='word_1_194' title='bbox 199 3447 219 3488; x_wconf 81' lang='lat' dir='ltr'>a.</span> <span class='ocrx_word' id='word_1_195' title='bbox 236 3427 279 3490; x_wconf 79' lang='lat' dir='ltr'>tii.</span> 
     </span>
    </p>
   </div>
   <div class='ocr_carea' id='block_1_12' title="bbox 313 3529 1251 3614">
    <p class='ocr_par' dir='ltr' id='par_1_12' title="bbox 313 3529 1251 3614">
     <span class='ocr_line' id='line_1_28' title="bbox 313 3529 1251 3614; baseline -0.003 -20"><span class='ocrx_word' id='word_1_196' title='bbox 313 3529 493 3595; x_wconf 78' lang='lat' dir='ltr'>Dalmatiae&#39;</span> <span class='ocrx_word' id='word_1_197' title='bbox 514 3538 543 3594; x_wconf 86' lang='lat' dir='ltr'>et</span> <span class='ocrx_word' id='word_1_198' title='bbox 568 3529 697 3595; x_wconf 80' lang='lat' dir='ltr'>Obroati</span> <span class='ocrx_word' id='word_1_199' title='bbox 720 3529 850 3594; x_wconf 80' lang='lat' dir='ltr'>latriam</span> <span class='ocrx_word' id='word_1_200' title='bbox 872 3529 985 3594; x_wconf 78' lang='lat' dir='ltr'>iterum</span> <span class='ocrx_word' id='word_1_201' title='bbox 1008 3530 1251 3614; x_wconf 83' lang='lat' dir='ltr'>depraedantur.</span> 
     </span>
    </p>
   </div>
   <div class='ocr_carea' id='block_1_13' title="bbox 77 3650 1401 4780">
    <p class='ocr_par' dir='ltr' id='par_1_13' title="bbox 77 3650 1401 4780">
     <span class='ocr_line' id='line_1_29' title="bbox 201 3650 1397 3734; baseline -0.003 -16"><span class='ocrx_word' id='word_1_202' title='bbox 201 3653 380 3720; x_wconf 78' lang='lat' dir='ltr'>bodonicus</span> <span class='ocrx_word' id='word_1_203' title='bbox 403 3653 475 3734; x_wconf 91' lang='lat' dir='ltr'>pius</span> <span class='ocrx_word' id='word_1_204' title='bbox 497 3651 671 3733; x_wconf 88' lang='lat' dir='ltr'>imperator</span> <span class='ocrx_word' id='word_1_205' title='bbox 692 3657 769 3718; x_wconf 89' lang='lat' dir='ltr'>tunc</span> <span class='ocrx_word' id='word_1_206' title='bbox 784 3651 931 3718; x_wconf 88' lang='lat' dir='ltr'>Veronae</span> <span class='ocrx_word' id='word_1_207' title='bbox 953 3653 1096 3718; x_wconf 79' lang='lat' dir='ltr'>obiit1..</span> <span class='ocrx_word' id='word_1_208' title='bbox 1124 3650 1215 3717; x_wconf 87' lang='lat' dir='ltr'>Circe</span> <span class='ocrx_word' id='word_1_209' title='bbox 1236 3651 1295 3717; x_wconf 88' lang='lat' dir='ltr'>heo</span> <span class='ocrx_word' id='word_1_210' title='bbox 1318 3656 1397 3716; x_wconf 91' lang='lat' dir='ltr'>tem-</span> 
     </span>
     <span class='ocr_line' id='line_1_30' title="bbox 158 3756 1398 3840; baseline -0.009 -16"><span class='ocrx_word' id='word_1_211' title='bbox 158 3776 238 3840; x_wconf 85' lang='lat' dir='ltr'>pora</span> <span class='ocrx_word' id='word_1_212' title='bbox 253 3756 419 3823; x_wconf 85' lang='lat' dir='ltr'>Sarraceni</span> <span class='ocrx_word' id='word_1_213' title='bbox 436 3756 643 3822; x_wconf 86' lang='lat' dir='ltr'>advenientes</span> <span class='ocrx_word' id='word_1_214' title='bbox 659 3756 855 3822; x_wconf 83' lang='lat' dir='ltr'>Gradensem</span> <span class='ocrx_word' id='word_1_215' title='bbox 872 3757 982 3823; x_wconf 86' lang='lat' dir='ltr'>urbem</span> <span class='ocrx_word' id='word_1_216' title='bbox 1005 3775 1118 3837; x_wconf 85' lang='lat' dir='ltr'>capere</span> <span class='ocrx_word' id='word_1_217' title='bbox 1142 3756 1245 3821; x_wconf 88' lang='lat' dir='ltr'>conati</span> <span class='ocrx_word' id='word_1_218' title='bbox 1270 3761 1360 3820; x_wconf 88' lang='lat' dir='ltr'>sunt.</span> <span class='ocrx_word' id='word_1_219' title='bbox 1372 3801 1398 3818; x_wconf 91' lang='lat'>..</span> 
     </span>
     <span class='ocr_line' id='line_1_31' title="bbox 161 3858 1401 3944; baseline -0.002 -17"><span class='ocrx_word' id='word_1_220' title='bbox 161 3863 209 3929; x_wconf 84' lang='lat' dir='ltr'>Eo</span> <span class='ocrx_word' id='word_1_221' title='bbox 234 3869 377 3944; x_wconf 89' lang='lat' dir='ltr'>tempore</span> <span class='ocrx_word' id='word_1_222' title='bbox 401 3860 535 3926; x_wconf 89' lang='lat' dir='ltr'>domnus</span> <span class='ocrx_word' id='word_1_223' title='bbox 559 3859 664 3926; x_wconf 88' lang='lat' dir='ltr'>Ursus</span> <span class='ocrx_word' id='word_1_224' title='bbox 687 3860 749 3925; x_wconf 78' lang='lat' dir='ltr'>‹itrx</span> <span class='ocrx_word' id='word_1_225' title='bbox 772 3859 951 3926; x_wconf 88' lang='lat' dir='ltr'>Johannem</span> <span class='ocrx_word' id='word_1_226' title='bbox 973 3858 1071 3925; x_wconf 91' lang='lat' dir='ltr'>filium</span> <span class='ocrx_word' id='word_1_227' title='bbox 1092 3879 1182 3925; x_wconf 87' lang='lat' dir='ltr'>sunm</span> <span class='ocrx_word' id='word_1_228' title='bbox 1199 3859 1401 3942; x_wconf 84' lang='lat' dir='ltr'>indignitate</span> 
     </span>
     <span class='ocr_line' id='line_1_32' title="bbox 159 3963 1400 4047; baseline -0.002 -16"><span class='ocrx_word' id='word_1_229' title='bbox 159 3965 220 4032; x_wconf 87' lang='lat' dir='ltr'>sibi</span> <span class='ocrx_word' id='word_1_230' title='bbox 245 3969 426 4031; x_wconf 88' lang='lat' dir='ltr'>consortem</span> <span class='ocrx_word' id='word_1_231' title='bbox 449 3964 533 4031; x_wconf 87' lang='lat' dir='ltr'>feeit.</span> <span class='ocrx_word' id='word_1_232' title='bbox 558 3964 648 4030; x_wconf 88' lang='lat' dir='ltr'>Tunc</span> <span class='ocrx_word' id='word_1_233' title='bbox 671 3963 855 4032; x_wconf 84' lang='lat' dir='ltr'>Seiavorum</span> <span class='ocrx_word' id='word_1_234' title='bbox 878 3965 1017 4046; x_wconf 89' lang='lat' dir='ltr'>pessime</span> <span class='ocrx_word' id='word_1_235' title='bbox 1039 3969 1152 4047; x_wconf 83' lang='lat' dir='ltr'>gentes</span> <span class='ocrx_word' id='word_1_236' title='bbox 1172 3970 1205 4029; x_wconf 90' lang='lat' dir='ltr'>et</span> <span class='ocrx_word' id='word_1_237' title='bbox 1220 3963 1400 4028; x_wconf 88' lang='lat' dir='ltr'>Dalmaeia·</span> 
     </span>
     <span class='ocr_line' id='line_1_33' title="bbox 77 4067 1400 4152; baseline -0.002 -15"><span class='ocrx_word' id='word_1_238' title='bbox 77 4077 81 4084; x_wconf 83' lang='grc'><em>’</em></span> <span class='ocrx_word' id='word_1_239' title='bbox 161 4089 273 4137; x_wconf 75' lang='lat' dir='ltr'>nortun</span> <span class='ocrx_word' id='word_1_240' title='bbox 296 4069 492 4146; x_wconf 87' lang='lat' dir='ltr'>Ystriensem</span> <span class='ocrx_word' id='word_1_241' title='bbox 517 4069 710 4152; x_wconf 86' lang='lat' dir='ltr'>provinciam</span> <span class='ocrx_word' id='word_1_242' title='bbox 741 4071 919 4152; x_wconf 90' lang='lat' dir='ltr'>depredare</span> <span class='ocrx_word' id='word_1_243' title='bbox 948 4075 1118 4150; x_wconf 89' lang='lat' dir='ltr'>ceperunt;</span> <span class='ocrx_word' id='word_1_244' title='bbox 1153 4073 1290 4149; x_wconf 87' lang='lat' dir='ltr'>quatuor</span> <span class='ocrx_word' id='word_1_245' title='bbox 1312 4067 1400 4134; x_wconf 88' lang='lat' dir='ltr'>vide·</span> 
     </span>
     <span class='ocr_line' id='line_1_34' title="bbox 158 4169 1399 4255; baseline -0.002 -16"><span class='ocrx_word' id='word_1_246' title='bbox 158 4177 234 4242; x_wconf 90' lang='lat' dir='ltr'>lieet</span> <span class='ocrx_word' id='word_1_247' title='bbox 256 4176 354 4241; x_wconf 89' lang='lat' dir='ltr'>urbes</span> <span class='ocrx_word' id='word_1_248' title='bbox 376 4174 494 4240; x_wconf 90' lang='lat' dir='ltr'>ibidem</span> <span class='ocrx_word' id='word_1_249' title='bbox 518 4175 773 4252; x_wconf 86' lang='lat' dir='ltr'>devastaverunt,</span> <span class='ocrx_word' id='word_1_250' title='bbox 797 4174 829 4239; x_wconf 90' lang='lat' dir='ltr'>id</span> <span class='ocrx_word' id='word_1_251' title='bbox 854 4179 921 4238; x_wconf 86' lang='lat' dir='ltr'>est:</span> <span class='ocrx_word' id='word_1_252' title='bbox 946 4171 1113 4255; x_wconf 64' lang='lat' dir='ltr'>Umacns,²</span> <span class='ocrx_word' id='word_1_253' title='bbox 1137 4169 1256 4238; x_wconf 84' lang='lat' dir='ltr'>Civitas</span> <span class='ocrx_word' id='word_1_254' title='bbox 1278 4171 1399 4249; x_wconf 81' lang='lat' dir='ltr'>Nora,³</span> 
     </span>
     <span class='ocr_line' id='line_1_35' title="bbox 160 4274 1397 4362; baseline -0.003 -19"><span class='ocrx_word' id='word_1_255' title='bbox 160 4277 317 4361; x_wconf 84' lang='lat' dir='ltr'>Sipiares⁴</span> <span class='ocrx_word' id='word_1_256' title='bbox 340 4284 436 4362; x_wconf 87' lang='lat' dir='ltr'>atque</span> <span class='ocrx_word' id='word_1_257' title='bbox 459 4279 622 4345; x_wconf 80' lang='lat' dir='ltr'>Ruinius.⁵</span> <span class='ocrx_word' id='word_1_258' title='bbox 645 4279 768 4346; x_wconf 88' lang='lat' dir='ltr'>Deinde</span> <span class='ocrx_word' id='word_1_259' title='bbox 792 4279 975 4343; x_wconf 85' lang='lat' dir='ltr'>nunciatum</span> <span class='ocrx_word' id='word_1_260' title='bbox 999 4284 1048 4343; x_wconf 88' lang='lat' dir='ltr'>est</span> <span class='ocrx_word' id='word_1_261' title='bbox 1071 4277 1185 4342; x_wconf 89' lang='lat' dir='ltr'>domno</span> <span class='ocrx_word' id='word_1_262' title='bbox 1210 4274 1293 4341; x_wconf 91' lang='lat' dir='ltr'>Urso</span> <span class='ocrx_word' id='word_1_263' title='bbox 1317 4274 1397 4354; x_wconf 89' lang='lat' dir='ltr'>duci,</span> 
     </span>
     <span class='ocr_line' id='line_1_36' title="bbox 162 4379 1399 4466; baseline -0.004 -16"><span class='ocrx_word' id='word_1_264' title='bbox 162 4383 246 4466; x_wconf 89' lang='lat' dir='ltr'>quod</span> <span class='ocrx_word' id='word_1_265' title='bbox 270 4383 465 4450; x_wconf 86' lang='lat' dir='ltr'>Gradensem</span> <span class='ocrx_word' id='word_1_266' title='bbox 489 4384 530 4451; x_wconf 91' lang='lat' dir='ltr'>ad</span> <span class='ocrx_word' id='word_1_267' title='bbox 552 4385 662 4452; x_wconf 90' lang='lat' dir='ltr'>urbem</span> <span class='ocrx_word' id='word_1_268' title='bbox 688 4383 808 4450; x_wconf 87' lang='lat' dir='ltr'>velient</span> <span class='ocrx_word' id='word_1_269' title='bbox 830 4383 983 4465; x_wconf 82' lang='lat' dir='ltr'>transire3</span> <span class='ocrx_word' id='word_1_270' title='bbox 1020 4399 1088 4446; x_wconf 93' lang='lat' dir='ltr'>cum</span> <span class='ocrx_word' id='word_1_271' title='bbox 1113 4381 1243 4462; x_wconf 85' lang='lat' dir='ltr'>triginta</span> <span class='ocrx_word' id='word_1_272' title='bbox 1266 4379 1399 4446; x_wconf 87' lang='lat' dir='ltr'>navibus</span> 
     </span>
     <span class='ocr_line' id='line_1_37' title="bbox 162 4482 1396 4570; baseline -0.005 -17"><span class='ocrx_word' id='word_1_273' title='bbox 162 4490 204 4554; x_wconf 87' lang='lat' dir='ltr'>ad</span> <span class='ocrx_word' id='word_1_274' title='bbox 226 4489 401 4570; x_wconf 89' lang='lat' dir='ltr'>predictam</span> <span class='ocrx_word' id='word_1_275' title='bbox 425 4488 581 4554; x_wconf 87' lang='lat' dir='ltr'>civitatem</span> <span class='ocrx_word' id='word_1_276' title='bbox 606 4489 702 4554; x_wconf 87' lang='lat' dir='ltr'>venit.</span> <span class='ocrx_word' id='word_1_277' title='bbox 727 4489 806 4554; x_wconf 91' lang='lat' dir='ltr'>Inde</span> <span class='ocrx_word' id='word_1_278' title='bbox 830 4485 1044 4568; x_wconf 80' lang='lat' dir='ltr'>pertransiens</span> <span class='ocrx_word' id='word_1_279' title='bbox 1068 4485 1211 4566; x_wconf 88' lang='lat' dir='ltr'>istriam,</span> <span class='ocrx_word' id='word_1_280' title='bbox 1243 4482 1396 4548; x_wconf 87' lang='lat' dir='ltr'>audacter</span> 
     </span>
     <span class='ocr_line' id='line_1_38' title="bbox 158 4588 1396 4677; baseline -0.006 -18"><span class='ocrx_word' id='word_1_281' title='bbox 158 4612 255 4677; x_wconf 87' lang='lat' dir='ltr'>super</span> <span class='ocrx_word' id='word_1_282' title='bbox 278 4592 407 4658; x_wconf 87' lang='lat' dir='ltr'>eosdem</span> <span class='ocrx_word' id='word_1_283' title='bbox 431 4591 560 4660; x_wconf 87' lang='lat' dir='ltr'>Seiavcs</span> <span class='ocrx_word' id='word_1_284' title='bbox 582 4593 725 4668; x_wconf 85' lang='lat' dir='ltr'>inruens,</span> <span class='ocrx_word' id='word_1_285' title='bbox 759 4593 791 4656; x_wconf 90' lang='lat' dir='ltr'>in</span> <span class='ocrx_word' id='word_1_286' title='bbox 815 4597 935 4656; x_wconf 86' lang='lat' dir='ltr'>tantum</span> <span class='ocrx_word' id='word_1_287' title='bbox 961 4589 1090 4656; x_wconf 86' lang='lat' dir='ltr'>eosdem</span> <span class='ocrx_word' id='word_1_288' title='bbox 1114 4589 1192 4654; x_wconf 89' lang='lat' dir='ltr'>cede</span> <span class='ocrx_word' id='word_1_289' title='bbox 1215 4588 1396 4667; x_wconf 89' lang='lat' dir='ltr'>prostravit,</span> 
     </span>
     <span class='ocr_line' id='line_1_39' title="bbox 155 4689 1398 4780; baseline -0.005 -16"><span class='ocrx_word' id='word_1_290' title='bbox 155 4705 192 4764; x_wconf 94' lang='lat' dir='ltr'>ut</span> <span class='ocrx_word' id='word_1_291' title='bbox 215 4715 307 4764; x_wconf 89' lang='lat' dir='ltr'>nemo</span> <span class='ocrx_word' id='word_1_292' title='bbox 331 4697 455 4762; x_wconf 88' lang='lat' dir='ltr'>illorum</span> <span class='ocrx_word' id='word_1_293' title='bbox 485 4698 624 4763; x_wconf 85' lang='lat' dir='ltr'>evadens</span> <span class='ocrx_word' id='word_1_294' title='bbox 656 4697 791 4780; x_wconf 86' lang='lat' dir='ltr'>patriam</span> <span class='ocrx_word' id='word_1_295' title='bbox 817 4696 915 4760; x_wconf 89' lang='lat' dir='ltr'>valuit</span> <span class='ocrx_word' id='word_1_296' title='bbox 939 4695 1064 4761; x_wconf 79' lang='lat' dir='ltr'>reverti.</span> <span class='ocrx_word' id='word_1_297' title='bbox 1097 4691 1250 4772; x_wconf 81' lang='lat' dir='ltr'>Quoniam</span> <span class='ocrx_word' id='word_1_298' title='bbox 1274 4689 1398 4758; x_wconf 87' lang='lat' dir='ltr'>hisdem</span> 
     </span>
    </p>
   </div>
   <div class='ocr_carea' id='block_1_14' title="bbox 0 0 1790 5276">
    <p class='ocr_par' dir='ltr' id='par_1_14' title="bbox 0 0 1790 5276">
     <span class='ocr_line' id='line_1_40' title="bbox 0 0 1790 5276; baseline 0 4"><span class='ocrx_word' id='word_1_299' title='bbox 0 0 1790 5276; x_wconf 95' lang='lat' dir='ltr'> </span> 
     </span>
    </p>
   </div>
  </div>
 </body>
</html>
