3548 5282
302 351 366 418 472

302 576 379 639 para
402 575 422 622 a
444 555 597 624 decennio
619 553 757 639 Diogeni
780 555 852 623 duci
883 554 1047 639 Syrmensi
1069 557 1234 640 parebat,⁴
1264 575 1284 622 a
1307 554 1410 639 Culpa
1433 557 1466 622 in
1488 555 1549 623 Sa-

301 679 376 728 vum
399 659 565 728 influentia
585 679 646 743 per
668 659 800 726 fluvium
824 659 965 728 Trebee⁵
997 666 1031 727 et
1054 679 1199 744 campum
1222 660 1343 728 luteum
1365 660 1432 728 siue
1453 661 1550 728 (izer-

303 765 386 832 nitz⁶
408 765 450 832 ad
472 766 613 831 Dravum
636 764 768 847 usque,⁷
787 766 857 846 regi
879 763 1028 831 croatiae
1052 765 1174 832 easssit.
1198 764 1280 831 'lum
1303 765 1445 848 episcopi
1469 765 1547 832 Cro·

303 870 423 938 atensis
457 868 632 936 iurisdictio
666 869 707 935 ad
741 870 883 935 Dravum
916 873 1047 936 extensa
1080 871 1166 945 est;8
1198 873 1231 936 et
1264 869 1419 956 Godimir,
1453 870 1546 951 quasi

303 974 426 1041 lructurs
447 971 677 1057 pacie,banue⁹
698 993 718 1039 a
741 970 913 1040 Oresimiro
944 973 1133 1040 declaratur.
1157 973 1247 1040 Haec
1268 973 1407 1039 amicitia
1433 972 1550 1041 cessio·

302 1096 365 1160 que
387 1096 428 1146 ne
451 1077 560 1146 civiles
580 1076 679 1142 iaciat
701 1082 810 1143 sancto
835 1076 998 1160 Stephano
1021 1082 1138 1160 motus,
1161 1076 1228 1144 tilla
1251 1074 1416 1144 Oresimiri
1438 1075 1547 1144 futura

303 1203 382 1251 uxor
404 1167 472 1251 eive
495 1200 615 1265 sponsa
637 1181 775 1248 Emerici
798 1181 887 1247 ducis
911 1180 1099 1249 Sclaveniae
1122 1182 1312 1250 declaratur.
1344 1180 1433 1248 Mors
1454 1182 1549 1250 Eme

302 1287 369 1368 rici,
393 1291 549 1369 sequente
572 1304 654 1352 anno
678 1291 799 1369 secuta,
822 1284 938 1352 evertit
960 1286 1161 1353 connubium.
1183 1285 1335 1352 Petrue¹⁰
1362 1303 1421 1368 pro
1449 1286 1546 1352 Erne-

303 1392 369 1459 rico
403 1391 531 1458 titulum
565 1389 752 1457 Sclaveniae
786 1390 874 1456 ducis
909 1389 1061 1471 obtinuit,
1104 1389 1158 1472 qui
1191 1407 1383 1472 recuperare
1416 1390 1546 1457 volebat

306 1495 515 1578 sclavoniam,
551 1493 635 1561 dotis
669 1493 762 1561 titulo
797 1493 913 1577 datam,
947 1498 985 1559 ut
1016 1493 1191 1570 dicebatur,
1226 1512 1363 1576 sponsae
1396 1493 1546 1562 Emerici.

302 1599 422 1666 Verum
445 1601 575 1665 sanctus
597 1616 662 1678 rar,
687 1596 803 1677 quietis
825 1597 975 1679 pacisque
990 1615 1111 1678 amans,
1135 1597 1277 1679 iniquum
1295 1599 1428 1682 censuit,
1452 1615 1548 1680 spon·

304 1721 372 1768 sam
393 1703 463 1768 iure
486 1720 544 1769 suo
567 1702 703 1783 privare.
727 1698 833 1777 Quare
855 1701 981 1780 Petrus,
1004 1706 1041 1766 ut
1059 1701 1159 1782 magis
1174 1702 1228 1783 pio
1250 1701 1318 1784 regi
1341 1702 1546 1785 complaceat,

305 1804 519 1872 camoenalem
556 1805 657 1872 sancti
679 1803 768 1869 Petri
791 1802 937 1884 Quinque
968 1803 1110 1870 ecclesiis
1137 1803 1282 1872 absolvit
1311 1805 1404 1871 Anno
1430 1827 1546 1872 nxm

304 1910 415 1987 altero,
450 1925 544 1990 quem
576 1909 677 1974 nostri
708 1906 883 1974 Zeanum¹¹
912 1912 1037 1986 vocant,
1068 1907 1102 1994 in
1132 1926 1230 1990 regno
1263 1905 1414 1975 Orontiae
1437 1926 1546 1976 euoce-

305 2012 402 2080 dente
429 2019 463 2081 et
493 2011 646 2095 Stephani
673 2011 759 2094 regie
787 2015 893 2077 terrae
928 2009 1119 2079 molestante
1147 2012 1297 2078 uolebant
1326 2011 1481 2094 Hungari
1505 2018 1542 2079 ut

302 2133 412 2184 cessas
423 2120 533 2200 partes
549 2113 736 2182 Sclavoniae
754 2113 896 2196 recipiat.
911 2115 979 2181 Rex
989 2133 1054 2182 non
1066 2115 1244 2196 convenire,
1262 2116 1437 2198 respondit,
1449 2134 1546 2198 prae-

302 2220 394 2301 cipue
416 2219 492 2286 dum
514 2218 634 2286 bellum
655 2224 800 2302 apertum
822 2236 885 2286 non
908 2217 1071 2286 inferrent.
1137 2297 1141 2303 Ι

346 2323 401 2406 (Α.
436 2323 681 2401 roae-1046.)
715 2322 828 2405 Itaque
861 2346 1016 2388 mxxxrm
1046 2326 1169 2389 mortuo
1203 2330 1312 2390 sancto
1346 2341 1439 2406 rege,
1473 2323 1549 2388 dum

302 2423 431 2492 viduam
454 2427 523 2493 eius
547 2426 673 2493 excludi
696 2446 760 2494 non
782 2446 877 2509 posse
899 2427 1071 2504 videretur,
1095 2427 1166 2509 ipsa
1187 2427 1328 2507 Petrum,
1363 2446 1426 2510 qua
1450 2427 1550 2493 desti·

302 2535 412 2597 natum
436 2549 456 2596 a
477 2531 592 2598 marito
615 2549 734 2614 regern,
757 2535 795 2596 ut
817 2531 990 2608 dicebatur,
1015 2531 1047 2596 in
1063 2531 1183 2596 socium
1199 2549 1346 2598 curarum
1362 2530 1544 2612 assumpsit.

303 2632 419 2701 Sedis
441 2639 544 2700 totum
576 2633 695 2702 babere
717 2635 857 2717 cupiens,
888 2653 959 2702 eam
992 2635 1157 2703 custodiae
1180 2635 1335 2718 angustiis
1366 2636 1546 2702 conclusam

303 2736 418 2806 misere
440 2737 560 2806 habuit.
584 2738 701 2821 Duces,
734 2738 884 2821 episcopi,
914 2739 1056 2820 comites,
1079 2740 1121 2805 ad
1144 2757 1224 2821 quos
1247 2758 1346 2822 regno
1378 2739 1547 2822 providere

305 2841 498 2924 pertinebat,
522 2843 582 2911 eibi
604 2847 793 2927 metuentes,
818 2843 893 2909 dum
914 2842 996 2910 haec
1018 2845 1139 2925 patrari
1162 2861 1233 2910 cum
1249 2843 1362 2927 regina
1385 2843 1547 2926 videbant,

303 2943 483 3013 Samuelem
506 2947 628 3028 ducem,
652 2945 724 3012 Oba
747 2945 875 3028 dictum,
899 2947 952 3029 qui
975 2964 1014 3012 ex
1036 2947 1145 3030 primis
1160 2946 1385 3032 Hungarorum
1402 2947 1546 3030 ducibus

302 3048 406 3116 Etheo
428 3068 553 3132 nempe,
585 3050 802 3130 descenderat,
833 3069 942 3135 regem
965 3051 1082 3118 dicunt.
1114 3053 1230 3118 Petrus
1259 3051 1341 3136 fugit
1363 3054 1404 3119 ad
1432 3052 1548 3120 Heari-
1595 3076 1598 3080 ·

302 3152 427 3233 cum;¹²
450 3153 521 3221 Oba
543 3173 619 3221 sero
641 3155 681 3222 ob
705 3159 865 3237 receptum
887 3155 1018 3222 Petmm
1040 3154 1205 3224 Boioarios
1227 3163 1261 3224 at
1283 3155 1473 3224 Carentinos
1496 3163 1549 3225 est

308 3258 533 3339 depraedatus.
557 3257 731 3340 Postquam
755 3265 862 3326 autem
883 3258 1041 3326 Henricus
1063 3259 1196 3326 Petrum
1226 3260 1426 3328 adniteretur
1457 3279 1547 3344 repo·

303 3379 400 3442 nere,
441 3359 623 3444 Stephanus
656 3360 804 3430 Oroatiae
838 3381 912 3443 rex,
947 3363 1156 3430 Voiosclavus
1191 3363 1389 3452 appellatus,
1422 3369 1548 3433 montes

303 3463 460 3532 Trivallos
483 3471 517 3532 ct
540 3465 668 3532 Servios
691 3467 732 3533 cd
754 3467 889 3533 Drinum
909 3485 1011 3550 usque
1034 3467 1218 3554 vastavit‚¹⁸
1241 3474 1275 3535 et
1295 3470 1413 3536 banum
1427 3469 1547 3538 Prasca

303 3569 511 3636 constituit.¹⁴
532 3571 629 3636 Petro
660 3570 835 3654 reposit0¹⁶
865 3569 1013 3639 Andreas
1046 3571 1107 3638 furit
1130 3573 1305 3655 oppositus,
1330 3575 1384 3655 qui
1414 3575 1547 3642 Petrum

302 3691 413 3758 regem
443 3673 476 3739 in
515 3673 714 3740 Osterrich¹⁰
747 3678 875 3757 captum
906 3675 1098 3744 excoecat¹⁷
1130 3676 1246 3746 Petrus
1276 3684 1431 3760 sequente
1464 3697 1547 3747 anno

301 3787 456 3856 mortuus,
480 3776 625 3860 Quinque
647 3777 789 3846 ecclesiis
814 3779 977 3861 sepelitur.

346 3881 402 3965 (A.
428 3881 670 3968 zoae-4064.)
694 3881 838 3949 Andreas
861 3901 925 3961 rex,
951 3883 1092 3950 stabilito
1123 3885 1183 3952 sibi
1204 3893 1314 3971 regno,
1346 3887 1387 3953 de
1416 3904 1548 3970 recupe-

299 3973 408 4052 randis
438 3986 528 4069 regni
560 3987 681 4053 iuribus
701 3985 851 4066 solicitus¹
879 3985 1123 4054 Adalbertum¹⁸
1155 3989 1291 4056 fratrem
1324 3989 1438 4056 ducem
1469 3989 1548 4058 iecit

302 4088 497 4175 Sclaveniae,
532 4091 640 4157 Radne
674 4095 782 4158 autem
814 4091 990 4174 palatinum
1024 4093 1123 4176 regni.
1157 4092 1218 4159 Isti
1253 4111 1362 4177 regem
1396 4092 1547 4163 Oroatiae

208 4209 211 4216 ·
302 4199 514 4274 coarctamnt,
540 4195 570 4262 ei
594 4191 790 4262 Sclaveniam
814 4195 855 4262 ad
871 4202 997 4263 veteres
1013 4197 1129 4263 limites
1146 4197 1293 4265 Zattinae
1316 4196 1427 4266 fluenti
1450 4199 1547 4266 redu-

301 4297 460 4367 xerunt¹⁹
481 4299 601 4366 Dicunt
622 4299 720 4367 Belae
735 4301 905 4366 memorias
928 4301 1049 4369 seruari
1072 4301 1105 4366 in
1127 4301 1244 4382 Delion,
1261 4301 1399 4370 Belovar
1414 4303 1549 4384 aliisque

300 4402 386 4468 locis.
410 4401 584 4470 Adnlberto
608 4405 674 4470 sive
697 4403 777 4470 Bela
799 4403 887 4487 duce,
912 4405 952 4471 ob
977 4410 1161 4472 coronatum
1184 4424 1320 4488 puerum
1344 4405 1547 4475 Salamonem

300 4525 338 4573 ac
359 4505 500 4574 Heinrici
524 4506 622 4574 filiam
656 4509 686 4575 ei
709 4526 858 4590 sponsam
889 4508 1064 4576 ordinatam
1096 4526 1168 4575 cum
1190 4527 1266 4593 rege
1288 4509 1429 4578 Andrea.
1447 4517 1550 4579 marte

301 4614 413 4696 aperto
442 4616 615 4696 pugnante,
654 4612 730 4680 licet
763 4612 826 4681 dux
864 4611 1078 4680 Bobemorum
1109 4632 1180 4681 cum
1214 4617 1353 4684 exercitu
1386 4614 1548 4686 Andrean
