3572 5276
1393 416 1455 479 379

256 619 344 680 strati
359 617 469 698 possit,
495 619 667 698 religionem
690 619 878 682 ebristianarn
900 619 958 681 ian
982 619 1079 682 medio
1102 619 1222 682 taeoulo
1238 618 1279 680 IX
1296 619 1405 682 ibidem
1421 619 1450 680 in

257 706 324 782 ipra
338 705 502 782 principum
518 705 606 766 domo
621 705 738 766 radiosa
753 707 877 782 oepisae.
900 707 1040 768 Nostram
1055 723 1128 766 voro
1144 705 1314 767 chroatiam
1330 707 1452 768 innuere

256 808 375 867 quoque
391 791 526 852 videntur
540 797 637 852 motus
660 793 718 866 illi,
746 792 853 868 quibus
868 793 935 868 ipsa
949 794 1069 853 aaeeulo
1085 793 1151 870 illo,
1179 808 1275 868 neque
1288 793 1452 868 prinoipem

253 877 367 940 familia
382 882 507 955 exeepta
523 876 567 956 (v.
583 895 627 941 ur.
648 879 732 956 185),
748 879 885 941 eontinuo
900 877 980 940 serre
994 878 1189 939 lacerabatur.

297 965 380 1042 ivan,
399 965 502 1024 vivens
528 964 557 1024 in
579 963 739 1024 Bohemiae
762 981 881 1040 eremo,
905 964 1038 1025 dotentas
1053 969 1098 1024 est
1113 984 1130 1023 a
1146 962 1287 1042 Borivojo
1303 964 1360 1024 iam
1377 963 1453 1025 eluri-
1546 1010 1547 1021 ,

254 1047 361 1130 eliano,
377 1050 512 1125 adeoque
528 1054 596 1128 poal
610 1068 638 1113 a.
656 1051 760 1126 87314.
778 1051 814 1112 V.
832 1049 984 1128 Palaeby:
999 1049 1109 1128 Dtjiny
1124 1051 1149 1128 1,
1168 1051 1238 1112 153.

252 1163 350 1220 'Loto
369 1171 573 1237 reparaturus,
595 1171 838 1235 spararemus.
866 1165 931 1221 vite
958 1166 1005 1222 lat
1036 1167 1151 1236 (Fontes
1178 1167 1200 1235 1,
1229 1168 1302 1234 112)=
1333 1165 1453 1236 „Beatus

210 1251 311 1306 luanus
330 1251 383 1307 init
400 1253 511 1308 nasone
530 1251 670 1322 ngarns,
699 1252 733 1308 (ie
757 1253 845 1323 stirpe
863 1253 939 1321 regia
957 1252 1131 1321 progenitus,
1158 1253 1204 1323 qui
1223 1252 1274 1308 luit
1292 1252 1453 1322 oonsaugul·

117 1330 122 1342 '
208 1351 278 1393 neus
296 1353 317 1393 s.
338 1337 471 1407 Stephani
495 1340 568 1410 regis
586 1340 783 1408 ngamrm‘.
869 1339 879 1370 ²
897 1339 971 1393 Loco
990 1328 1181 1405 neptulam,
1206 1340 1258 1394 hos
1275 1354 1326 1409 pro
1353 1343 1453 1390 tana-

210 1413 285 1474 nrt.
367 1421 461 1478 'Vita
485 1424 533 1479 lat
557 1423 632 1494 (ibid.
657 1441 684 1494 p.
706 1426 780 1492 utils
810 1424 936 1494 „tandem
961 1425 1087 1492 pervenit
1111 1425 1200 1494 (ivan)
1224 1425 1260 1480 ati
1277 1425 1387 1492 flumen,
1406 1424 1453 1494 qni

207 1519 319 1564 vocatur
335 1509 517 1567 Louenioze‘t
589 1512 599 1540 ⁴
618 1510 679 1566 ibid
707 1513 771 1566 lit:
790 1509 841 1580 ‚da
859 1517 934 1570 terra
950 1509 1073 1579 angens
1089 1512 1144 1566 huo
1161 1509 1315 1580 senionia
1332 1527 1392 1566 sum
1405 1525 1452 1565 ua·

209 1597 284 1652 tione
302 1595 454 1666 ngarns‘t
527 1597 538 1628 ⁵
554 1597 622 1652 ibid.
644 1602 701 1653 114.
725 1597 779 1667 „Et
797 1597 857 1668 ipae
874 1597 1001 1667 princeps
1020 1595 1167 1654 Bohemiae
1185 1598 1293 1654 nomine
1312 1595 1453 1668 Boniuoy

208 1682 347 1738 residebat
364 1685 393 1738 iu
407 1688 503 1738 oestro
521 1683 628 1738 Tetiu“.
702 1681 798 1739 ‘ibit
817 1701 845 1754 p.
865 1686 929 1739 1182
948 1683 1107 1753 „Transirit
1123 1689 1215 1739 autem
1226 1698 1279 1754 per
1292 1681 1379 1750 villas,
1398 1697 1453 1738 una

206 1774 321 1824 sotatur
337 1767 464 1840 Hodynie
482 1769 616 1826 etaltera
634 1770 781 1842 Swlnary‘.

763 2046 896 2123 193.

205 2148 372 2212 llll—tlt

207 2265 373 2333 Poomoato
393 2269 482 2334 intro
503 2267 620 2336 &oum
641 2277 671 2337 et
688 2269 835 2338 Drusum
855 2271 912 2339 aab
933 2271 1041 2339 eomite
1062 2269 1265 2354 Broebaoouo,
1287 2271 1339 2337 eus·
1352 2271 1446 2336 emm

259 2369 408 2438 Prioinoe
430 2379 459 2438 et
480 2369 591 2438 Kooeli
612 2373 796 2441 Pannoniae
812 2395 893 2462 pora
915 2375 1172 2442 adnanbtrondo
1192 2373 1398 2440 mestar.

207 2665 231 2728 Α.
246 2665 290 2728 Μ
813 2603 841 2665 1.

248 2784 428 2868 Imperator
458 2784 626 2870 (lierolus)
655 2805 715 2870 per
743 2785 922 2854 Baioariem
958 2787 998 2855 ad
1030 2787 1194 2854 Orientem
1226 2785 1445 2870 proficiscitur,

206 2887 400 2970 veniensque
433 2907 533 2972 prope
566 2889 683 2958 flumen
716 2889 892 2974 Tullinus,
927 2891 1223 2960 MontaCoruiano¹
1254 2891 1445 2973 colloquium

206 2993 319 3058 habuit
360 2993 408 3059 lbi
432 2993 599 3060 interulis
621 2995 750 3063 veniens
773 2995 1003 3064 zuentibaldus
1025 2995 1088 3063 dux
1112 2993 1344 3083 (Moravorum)
1374 3011 1446 3060 eum

203 3095 398 3179 principibus
421 3094 505 3164 suis¹
524 3097 630 3176 bomo,
654 3099 736 3166 siout
757 3117 827 3167 mos
849 3105 909 3182 est,
933 3119 991 3184 per
1012 3119 1125 3167 manus
1152 3099 1354 3182 imperatoris
1376 3097 1442 3165 eiii-

204 3199 296 3283 citur,
319 3205 519 3267 contestatus
542 3200 589 3267 illi
610 3199 796 3270 fidelitatem
818 3203 1004 3284 iuramento,
1030 3210 1188 3287 eiusque
1210 3205 1283 3270 dum
1306 3201 1445 3270 Karolus

98 3335 104 3345 ·
203 3303 344 3385 uixisset,
369 3321 531 3387 nunquam
552 3305 585 3371 in
608 3323 740 3389 regnum
763 3325 857 3374 suum
878 3307 987 3374 hostili
1010 3307 1150 3375 mentitu
1174 3309 1260 3375 esset
1280 3310 1444 3372 venturus.

204 3406 323 3474 Postea
345 3405 491 3476 ueniente
513 3407 719 3477 Brazlavoni⁸
741 3409 837 3496 duee,
867 3411 922 3494 qui
951 3411 984 3478 in
1007 3411 1039 3478 id
1061 3416 1187 3495 tempus
1209 3428 1340 3493 reguum
1363 3409 1446 3477 inter

202 3509 346 3577 Dravum
369 3516 403 3579 et
425 3509 541 3579 Surum
565 3509 710 3579 flumine*
733 3513 854 3594 enuit,
890 3533 1030 3598 suaeque
1060 3513 1197 3581 miliciae
1218 3514 1364 3582 subditus
1387 3513 1443 3579 ad-

203 3615 362 3700 iungitur,
392 3635 448 3683 rex
477 3633 538 3699 per
568 3615 737 3684 Geronton
767 3619 800 3684 iu
828 3618 955 3684 Italiam
978 3619 1136 3702 perrexit3
1170 3636 1325 3702 prospere
1347 3617 1446 3700 Papia

202 3717 342 3784 nanlenu
366 3717 485 3786 Christi
507 3718 692 3787 celebravit

114 3822 117 3830 ⁴
288 3841 394 3905 Annei.
411 3844 496 3906 Fuld.
512 3843 616 3906 Perta:
633 3845 712 3906 Mon.
729 3843 829 3906 Germ.
845 3844 953 3921 Soript
969 3847 993 3924 1,
1010 3847 1084 3907 401.

289 3929 412 3988 Braslav
429 3931 528 4006 itaque
544 3931 688 4009 praefuit,
716 3930 962 4007 quemadmodum
977 3937 1047 3992 anto
1063 3933 1144 3992 illum
1161 3931 1299 3992 Lindenit
1314 3935 1343 3991 et
1358 3931 1437 3990 Rati-

242 4015 297 4074 mir
314 4011 355 4096 (v.
372 4033 417 4075 nr.
436 4011 522 4099 175),
547 4034 601 4077 neo
624 4035 700 4093 non,
726 4021 759 4078 ut
780 4023 869 4093 puto.
893 4017 1022 4078 Murtimir
1044 4017 1086 4100 (v.
1104 4036 1147 4076 nr.
1168 4015 1251 4096 183),
1267 4016 1438 4076 Pannoniae

244 4101 389 4161 inferioris
398 4102 474 4203 parti
486 4103 561 4164 sitae
572 4105 647 4164 inter
658 4105 791 4165 Dravum
803 4108 833 4164 et
844 4103 964 4181 Savum,
980 4106 1035 4165 sub
1051 4104 1177 4164 dominio
1193 4120 1331 4179 supremo
1346 4103 1439 4162 Fran-

243 4205 343 4247 eorum
360 4205 449 4264 rogia.

203 4444 288 4506 aaa
806 4383 835 4442 ‘²'

242 4561 310 4628 Rex
341 4561 524 4648 (Amulius)
555 4563 596 4631 de
625 4565 760 4630 Francia
790 4585 860 4631 oum
892 4565 1023 4632 victorie
1052 4567 1084 4631 in
1117 4565 1319 4643 Alarnunnin,
1351 4575 1441 4634 eunte

199 4666 288 4750 regia
309 4665 421 4750 Ullus,
452 4667 626 4746 honorilice
656 4669 798 4740 nstslem-
826 4670 944 4738 domini
962 4670 1147 4740 celebravit
1182 4671 1261 4739 lude
1283 4670 1438 4742 orientem
