3480 5284
1352 292 1391 352 23

204 517 229 560 o.
248 501 276 559 9,
293 517 322 574 p.
339 501 390 558 81.
412 501 504 558 totum
527 497 556 558 iu
579 515 683 574 opere:
707 497 846 556 Memorio
871 497 899 557 di
915 497 1005 558 Trad.
1023 515 1052 574 p.
1072 499 1142 558 194.
1158 498 1270 558 Farlati
1287 499 1322 578 V,
1339 499 1390 559 41.

204 585 276 646 Cod.
293 585 362 661 dipl.
380 585 463 644 CSD.
480 586 503 660 1,
523 583 637 645 94-5.

202 703 325 770 'aliquo
381 701 518 769 'aliquid
579 701 651 755 ³Ita
669 701 773 756 Farlati
790 733 823 741 —
843 701 1021 770 „uideretur“.
1083 701 1251 758 ⁴Forsitsn:
1272 703 1392 773 „signum

160 791 282 846 manua¹‘.
365 789 536 858 ⁵apiseopua
554 789 632 844 testis
650 788 822 859 supradicte
841 789 966 844 ciuitatis.
1056 789 1216 845 ⁶Annatus.
1307 791 1392 859 7Εςο

159 878 231 932 maio
249 877 373 933 tribunus
391 878 521 932 oerneohe
538 877 624 934 testis.

736 1053 822 1126 18.

162 1159 221 1221 Circa
235 1178 254 1220 a.
269 1159 317 1222 aa.

207 1281 310 1348 Maius
341 1282 428 1364 prior
459 1300 521 1348 una
548 1301 617 1348 cum
646 1282 804 1349 nobilibus
826 1281 965 1348 Jaderae
988 1282 1155 1347 eeclesiam
1178 1301 1203 1346 s.
1227 1279 1391 1347 Michaelis

165 1405 255 1472 „curn
279 1386 499 1453 adiacentibus
522 1387 720 1466 territoriis“‚
744 1388 836 1452 sitam
859 1387 892 1450 in
914 1387 1019 1452 insula
1036 1386 1225 1465 Postimana‚
1249 1387 1393 1452 coneedit

161 1492 352 1556 monasterio
375 1511 400 1558 a.
426 1490 621 1574 Chrysogoni
654 1492 806 1578 „inopus
835 1489 967 1556 fratrum
1000 1490 1116 1557 ibidem
1139 1487 1391 1556 famolancium“.

249 1598 358 1658 Charta
374 1599 544 1676 deperdita,
569 1600 650 1658 euius
675 1599 814 1658 momoria
832 1598 866 1657 fit
881 1599 910 1658 in
929 1597 1160 1674 „chirographo“
1180 1599 1259 1658 Petri
1276 1599 1391 1658 abbatis

205 1704 232 1745 a.
251 1689 332 1747 1069
349 1685 429 1766 (vida
444 1705 487 1748 nr.
505 1685 568 1764 53).

249 1773 345 1832 Maius
361 1773 442 1834 hicce
459 1777 544 1850 pater
559 1777 622 1833 erat
637 1774 704 1832 Mali
721 1773 750 1832 II
766 1772 897 1832 similiter
911 1771 1017 1848 prioris
1032 1775 1061 1831 et
1076 1789 1148 1830 avus
1164 1772 1392 1849 protospatharii

205 1859 350 1939 Gregorii,
373 1863 421 1936 qui
438 1879 464 1921 a.
485 1863 631 1922 maa-4
647 1860 753 1937 prioris
768 1877 872 1919 munus
887 1877 981 1934 aequo
997 1859 1090 1936 gessit
1104 1857 1145 1938 (v.
1163 1877 1206 1920 nr.
1224 1861 1264 1920 32
1280 1864 1310 1920 et
1326 1859 1389 1936 33).

734 2155 820 2226 19.

161 2261 182 2320 l.
198 2261 244 2330 lli,
260 2259 294 2320 lie
308 2261 322 2320 l
338 2261 444 2322 folmarii.

627 2345 740 2415 (Charta
757 2348 928 2414 retractata.)

162 2467 287 2534 Pinoios
309 2491 375 2534 cara
396 2469 556 2552 fratribus
578 2479 606 2533 et
626 2469 785 2554 nepotibus
807 2473 874 2534 attis
896 2491 1020 2554 cornaque
1040 2470 1106 2553 filio
1128 2489 1183 2532 sao
1201 2467 1290 2532 Pleso
1306 2469 1389 2532 accli-

347 2575 420 2658 ficat
442 2583 470 2639 et
489 2577 630 2660 providet
653 2577 807 2640 ecclesiam
829 2598 853 2639 s.
876 2575 1037 2640 Michaelis
1059 2574 1201 2639 Solonoe.

201 2697 237 2762 Io
262 2695 380 2763 Christi
404 2698 541 2778 nomine,
574 2717 674 2762 amau.
711 2697 759 2763 Ab
787 2698 1002 2764 incarnatione
1033 2697 1150 2762 domini
1182 2697 1282 2762 nostri
1312 2697 1388 2763 Jesu

161 2801 277 2869 Christi
306 2821 387 2868 anno
418 2803 691 2884 noningentesimo
721 2803 923 2886 nonagesimo
956 2807 1085 2883 quarto,
1117 2803 1168 2868 die
1196 2820 1273 2869 uero
1306 2821 1390 2867 oona

159 2909 274 2974 mensis
305 2906 466 2974 februarii.
501 2907 675 2990 Tempore,
707 2926 769 2989 quo
801 2909 953 2991 regnabat
984 2907 1155 2990 sacrssegus
1178 2913 1212 2972 et
1239 2907 1389 2989 profanus

159 3013 331 3092 imperator
353 3009 548 3094 Stephanus¹
572 3013 603 3076 in
636 3019 721 3077 terra
751 3003 960 3095 Balgarorum
982 3010 1014 3075 in
1037 3011 1234 3094 caeterisque
1256 3011 1390 3092 regioni·

160 3116 229 3181 hus.
253 3117 303 3181 Eu
326 3134 384 3199 ego
408 3116 459 3181 uir
480 3117 623 3182 Pinciusl
647 3117 753 3180 notaui
784 3121 817 3182 et
847 3115 958 3198 scripsi
982 3116 1223 3182 admemoriam
1246 3121 1389 3198 postero-

160 3240 229 3286 rum
252 3225 442 3287 nostrorum.
466 3220 628 3299 Quatenus
652 3239 719 3303 nos,
742 3239 810 3286 cum
836 3239 978 3286 essemus
995 3220 1217 3304 consanguinei
1238 3219 1389 3301 Stephani

159 3327 378 3410 imperatoris,
413 3327 539 3409 saepius
568 3327 671 3408 ipsum
706 3331 836 3408 propter
870 3325 937 3392 eius
972 3325 1119 3391 delictum
1154 3324 1389 3408 redarguimus3

159 3436 384 3497 excaecauerat
406 3431 489 3497 enim
512 3435 634 3514 patrem
658 3449 759 3508 suum,
783 3435 929 3513 patruum
949 3435 1055 3494 autem
1077 3434 1230 3508 nastrum,
1254 3429 1388 3511 probum

158 3535 327 3613 dominum,
351 3535 561 3602 christicolam
582 3536 711 3614 iustum,
736 3533 915 3602 Siamanum
934 3536 1165 3618 imperatorem.
1190 3533 1390 3616 Quapropter

159 3659 226 3726 noe,
251 3640 364 3708 fratres
387 3660 424 3706 ac
444 3641 636 3724 propinquos
659 3659 743 3719 suaa,
768 3661 806 3707 ex
826 3641 928 3723 patria
944 3647 1054 3705 nostra
1069 3638 1192 3723 firgauit
1208 3643 1241 3703 et
1258 3638 1377 3720 expulit

158 3746 198 3813 de
218 3751 315 3812 terra
344 3746 491 3812 uidelicet
521 3747 729 3830 Bulgarorum
760 3766 797 3813 ex
826 3747 905 3812 urhe
935 3745 1098 3825 Tarnoua;
1133 3744 1284 3809 exaltauit
1312 3762 1388 3810 uero

157 3851 324 3917 mendaces
348 3869 385 3915 ac
406 3850 553 3918 rebelles.
587 3853 683 3917 Pater
715 3855 820 3916 autern
845 3851 930 3930 eius,
965 3868 1076 3916 caecus
1099 3851 1253 3932 existenS,
1288 3849 1388 3914 inare-

155 3955 245 4038 pauit
274 3957 376 4038 ipsum
408 3957 447 4020 de
478 3956 661 4037 expulsione
684 3959 810 4032 nostra3
846 3961 880 4018 at
902 3955 970 4036 ipse
999 3953 1322 4034 strangulantem,
1356 3959 1388 4017 et

155 4063 306 4127 remansit
320 4061 352 4125 iu
368 4060 467 4143 patris
482 4061 712 4126 maledictione.
730 4059 795 4125 Nos
810 4065 915 4124 autem
933 4059 1076 4124 uenimus
1092 4058 1243 4136 Missam,
1269 4057 1389 4124 atinde

154 4166 340 4232 recedentes
363 4167 564 4248 peruenimus
588 4166 646 4248 (in)
670 4164 853 4230 Chroaclam
874 4161 914 4228 ad
930 4162 1171 4228 illustrissimum
1198 4167 1232 4228 et
1254 4162 1388 4243 probum

156 4289 264 4354 regem
287 4269 502 4336 Dirzislaum³.
526 4270 569 4334 At
591 4270 643 4334 ille
667 4288 724 4335 nos
748 4268 883 4350 benigne
898 4268 1020 4350 recepit
1035 4271 1067 4331 et
1082 4267 1212 4342 adiuuit,
1235 4271 1385 4347 tanquam

156 4377 259 4444 honus
282 4394 318 4440 ao
340 4376 495 4458 benignus
517 4375 677 4453 dominus3
708 4377 740 4439 et
763 4373 931 4438 collocouit
952 4373 984 4438 iu
1007 4371 1156 4438 suburbio
1179 4371 1283 4454 Clysii.
1318 4369 1388 4434 Illic

155 4481 253 4564 igitur
275 4479 480 4546 remansimus
504 4485 537 4545 et
559 4479 735 4562 recepimus
758 4496 867 4543 ueram
891 4475 985 4542 fidem
1007 4475 1191 4542 oothohmm
1215 4474 1386 4541 seeundum

157 4585 388 4652 inst'tueionem
412 4603 560 4651 romanae
583 4583 744 4650 eeclesiae.
768 4581 810 4647 Et
832 4600 890 4664 ego
913 4581 1038 4648 Pincius
1062 4600 1124 4646 uua
1147 4579 1386 4646 cumfratribus
