3604 5276
326 393 390 456 290

254 621 262 634 ·
327 594 553 661 robustissimis
581 593 659 660 ¹uiris
689 595 845 661 redditum
877 594 1046 662 immobile.
1080 591 1129 661 Ab
1161 593 1380 662 innocentibus
1409 593 1505 678 igitur
1529 601 1563 662 et

324 697 534 764 immaculatis
563 699 710 765 manibus
741 699 873 764 convehi
903 699 986 774 velle
1008 717 1135 767 sacrum
1156 699 1281 782 pondus
1304 705 1391 767 ratus
1414 701 1485 782 pius
1507 717 1562 766 an·

325 801 425 887 tistes,
439 801 635 868 'imbecillem
659 820 829 884 puerorum
845 802 970 876 turbam
991 805 1076 886 cogit
1091 807 1124 869 et
1139 805 1226 870 oneri
1247 801 1379 870 ferendo
1403 803 1562 886 supponit,
1647 865 1653 874 .

325 907 410 991 quod
440 904 511 972 leve
541 903 658 972 lactum
682 925 701 971 a
724 905 831 989 pueris
861 906 1008 974 alacriter
1036 905 1220 990 vehebatur.
1255 906 1334 973 Cum
1356 912 1463 974 tamen
1487 905 1563 973 solis

326 1015 434 1078 aestus
464 1009 691 1092 fatigarentur,
722 1009 837 1077 ardore
866 1010 962 1076 nimio
992 1010 1145 1077 maximae
1168 1011 1237 1077 sitis
1264 1009 1362 1094 affligi
1390 1009 1565 1093 coeperunt

324 1115 357 1181 in
379 1114 449 1180 loco
473 1113 669 1193 aridissime,
693 1113 747 1195 qni
770 1114 889 1182 salinae
911 1119 1120 1196 nuncupatur.
1155 1113 1271 1181 Mirum
1294 1099 1396 1182 dictrss
1427 1115 1564 1212 erumpit

324 1237 364 1284 ex
387 1217 482 1302 silice,
497 1218 582 1285 latex
604 1220 702 1298 vivus,
727 1223 925 1302 apparetque
946 1237 1047 1286 novus
1068 1217 1140 1284 fons
1162 1237 1332 1302 numquam
1348 1223 1442 1286 antea
1465 1217 1561 1296 risus,

327 1320 431 1388 adhuc
461 1320 556 1388 etiarn
587 1323 675 1388 beati
703 1322 831 1388 Domnii
860 1341 964 1404 aquae
993 1340 1108 1389 nomen
1140 1323 1281 1389 retinens
1304 1329 1338 1390 et
1359 1323 1507 1387 virtutem
1530 1323 1563 1387 in

325 1425 542 1492 anniuersario
564 1424 738 1494 bodiemae
761 1426 975 1493 translationis
997 1433 1174 1509 praestans.
1198 1424 1378 1495 Reh'ocilati
1400 1426 1489 1508 pueri
1516 1426 1584 1491 in·-

323 1529 453 1596 iuerunt
475 1528 581 1596 arcam
603 1529 636 1596 in
658 1529 761 1597 locum
783 1536 938 1618 paratum,
963 1549 1027 1613 qua
1042 1536 1154 1614 aperta
1168 1531 1266 1597 mirus
1283 1530 1361 1597 odor
1378 1527 1560 1596 effundItur.

324 1633 489 1715 Reliquiae
512 1633 615 1700 sancti
636 1634 785 1717 martyris
807 1634 933 1717 integre
955 1635 1172 1720 inveniuntur,
1204 1640 1236 1701 et
1267 1635 1300 1700 in
1329 1641 1460 1716 pectore
1482 1633 1563 1702 liber

324 1743 394 1803 erat
417 1737 649 1822 evangeliorum
671 1737 772 1805 thecis
795 1739 955 1820 argenteis
978 1738 1133 1819 inclusus,
1164 1738 1278 1805 litteris
1300 1739 1483 1820 apostolicis
1506 1757 1561 1804 an·

325 1841 413 1923 tiquo
436 1859 525 1909 more
546 1841 722 1924 ipsiusmet,
744 1848 781 1908 ut
803 1841 914 1923 fertur,
938 1842 1082 1909 manibus
1105 1841 1259 1909 formetis.
1283 1840 1406 1908 Horum
1428 1843 1562 1909 duonum

234 2013 240 2024 ,
325 1949 500 2026 martyrum
525 1963 618 2011 saera
638 1963 771 2029 corpora
783 1945 897 2011 adhuc
917 1947 949 2011 io
973 1945 1109 2014 ecclesia
1130 1945 1374 2028 metropolitana
1388 1946 1562 2028 spalatensi

324 2047 497 2116 honorifice
519 2034 684 2116 recondita
706 2041 941 2131 conquiescunt.

410 2172 448 2234 A.
475 2174 501 2233 u
524 2174 625 2235 codice
653 2191 851 2252 pergameneo
867 2167 1011 2235 ecciesiae
1026 2175 1202 2251 spalatensis
1229 2191 1277 2250 ap.
1305 2175 1419 2236 Farlati
1442 2177 1466 2255 Ι,
1497 2177 1559 2236 474

367 2259 422 2339 III,
438 2261 490 2321 31.
892 2253 899 2266 “

412 2347 438 2406 u
454 2347 561 2422 quibua
572 2345 706 2406 omnibus
719 2346 882 2423 deducitur,
895 2346 1069 2423 prolixiores
1080 2346 1239 2406 relationes
1254 2345 1387 2407 'rhomae
1401 2349 1508 2423 spalat.
1525 2348 1562 2409 de

369 2432 604 2493 Salonitanorunr
621 2439 689 2509 post
703 2450 838 2494 eversam
853 2433 955 2493 urbena
971 2432 1040 2492 satis
1056 2431 1095 2510 (o.
1113 2431 1185 2494 VIII
1200 2436 1231 2492 ct
1245 2433 1287 2492 IX
1302 2451 1331 2495 v.
1348 2449 1439 2509 snpra
1453 2451 1482 2509 p.
1500 2435 1561 2494 279

369 2518 432 2598 ss),
446 2519 514 2579 item
523 2519 560 2578 da
570 2518 692 2596 Spalato
704 2521 742 2580 ab
755 2520 797 2579 eie
808 2519 848 2579 ad
859 2517 1049 2579 habitandum
1063 2522 1216 2594 occupato,
1234 2518 1330 2593 deque
1341 2520 1562 2581 resuscitatione

368 2605 551 2720 salonitanae
562 2607 705 2666 ccclesiae
720 2606 750 2665 in
764 2605 821 2666 hac
838 2605 965 2682 ciuitate,
982 2604 1124 2666 contiueri
1139 2605 1168 2663 in
1183 2606 1288 2664 nucleo
1303 2605 1361 2665 iarn
1375 2605 1406 2665 in
1421 2605 1563 2682 praelatis

370 2693 457 2768 „vilis
481 2737 488 2752 .

412 2776 537 2851 Quodsi
553 2778 722 2856 quaeritur,
742 2777 860 2853 quando
876 2777 1002 2837 eeclesia
1016 2777 1209 2856 spalatensis,
1234 2776 1378 2851 adquam
1393 2771 1562 2854 metropoli·

369 2868 439 2924 tana
454 2864 520 2924 iura
534 2863 643 2924 Salona
658 2865 900 2940 translatarum,
927 2862 1014 2922 lidern
1031 2861 1219 2924 ebriationem
1234 2863 1312 2924 inter
1327 2862 1470 2924 Obroatos
1485 2865 1562 2925 aerio

367 2967 536 3026 propagare
552 2951 692 3029 eoeperit,
709 2950 739 3010 id
755 2954 853 3010 ectum
869 2949 979 3036 facturn
994 2949 1084 3029 fuisse
1101 2953 1246 3027 putamus,
1263 2965 1352 3024 quum
1369 2951 1474 3012 relatio
1487 2952 1563 3010 inter

367 3035 512 3096 Obroatos
527 3042 558 3096 et
572 3034 700 3096 Orientis
715 3037 887 3112 imperium,
916 3035 955 3095 ad
978 3035 1056 3109 qood
1072 3037 1222 3096 DalmatIa
1238 3053 1368 3111 eousque
1385 3037 1560 3112 pertinebat,

367 3121 514 3194 stabilita,
537 3139 691 3196 novusque
714 3139 811 3182 rerum
836 3121 908 3181 ordo
924 3122 982 3182 illis
997 3122 1027 3180 In
1043 3122 1103 3182 oris
1118 3117 1293 3188 constitutus
1308 3127 1403 3201 esset,
1427 3123 1563 3198 adeoque

367 3211 435 3285 post
451 3210 513 3268 ute
530 3225 646 3282 annum.
1122 3203 1131 3219 '

412 3295 458 3354 De
473 3294 588 3355 Ioanne
606 3295 766 3378 „memoria
782 3293 1069 3370 archiepiscoporum
1091 3294 1273 3354 salonimnae
1289 3297 1319 3353 et
1334 3295 1497 3370 spalatinae
1513 3311 1562 3355 ec·

266 3389 271 3396 '
369 3376 510 3457 clasiae“‚
536 3381 690 3441 coccinata
712 3397 791 3440 saec.
815 3381 871 3439 XV
894 3381 940 3456 ab,
954 3397 1102 3456 anonymo
1125 3397 1144 3440 a
1167 3379 1286 3439 (lutheis
1312 3380 1371 3458 (ed.
1388 3381 1416 3441 J.
1432 3381 1515 3441 Lucii
1531 3398 1561 3457 p.

368 3468 440 3528 385.
457 3467 569 3527 Farlati
585 3465 609 3544 1,
627 3465 711 3544 324),
729 3467 803 3526 haec
819 3467 987 3526 adnotavit:

371 3637 539 3719 „Ioannes
572 3606 692 3720 primus
716 3637 971 3719 archiepiscopus
995 3636 1026 3701 in
1048 3636 1189 3718 Spalato.
1224 3635 1289 3702 Iste
1312 3632 1388 3701 iecit
1410 3634 1562 3717 ternplum

324 3748 527 3825 argenteum3
551 3746 584 3808 et
606 3740 785 3808 aedificavit
808 3740 972 3807 eeclesiam
995 3739 1097 3805 sancti
1119 3739 1284 3806 Michaelis
1308 3737 1465 3805 demere.
1500 3737 1562 3802 'Iu-

324 3845 463 3912 mulatus
487 3853 538 3912 est
560 3845 591 3910 in
616 3845 750 3912 ecclesia
772 3846 873 3911 sancti
896 3843 1069 3911 Mathaei“.

409 3969 575 4030 Secundum
597 3970 760 4031 Farlatinm
782 3969 820 4050 (I,
837 3969 891 4047 42)
908 3970 1004 4028 extitit
1025 3969 1135 4028 ibidem
1158 3987 1228 4028 arca
1251 3985 1391 4045 egraeoo
1416 3985 1563 4028 marmore

370 4074 423 4117 sex
447 4057 562 4117 circiter
585 4056 678 4132 pedes
701 4057 806 4133 longa,
834 4057 934 4116 clausa
957 4057 1096 4132 operculo
1120 4053 1219 4114 itidem
1243 4071 1407 4114 marmoreo
1423 4070 1488 4112 cum
1504 4053 1564 4129 epi·

370 4144 485 4220 grapho
500 4143 625 4220 margini
641 4143 778 4204 anteriori
795 4143 936 4219 inscripta
955 4140 1097 4222 „gothicis
1113 4139 1256 4200 litteris“:
1281 4159 1355 4218 „nro
1378 4158 1564 4211 nueumsonu

367 4248 512 4292 asserere
535 4249 574 4291 nn
596 4249 733 4293 assumas
755 4250 918 4293 reamissa
941 4245 1100 4292 saccaron
1122 4220 1441 4290 nsaonraarsoonns“.
1476 4222 1519 4304 (v.
1536 4224 1564 4285 J.

369 4315 469 4373 Lucii:
486 4315 523 4373 dc
538 4332 621 4390 regn.
638 4317 735 4375 Dalm.
753 4322 782 4374 et
797 4317 895 4375 Oroat.
913 4332 941 4391 p.
959 4313 1046 4394 474).
1073 4313 1161 4374 Anno
1179 4315 1262 4374 1700
1285 4329 1356 4372 arca
1371 4311 1446 4371 baec
1460 4316 1566 4387 aperta

366 4399 433 4474 luit,
449 4401 657 4476 inventumque
676 4401 824 4482 „cadaver
839 4402 955 4460 omniuo
966 4403 1128 4476 integrum
1147 4402 1228 4476 palla
1242 4398 1435 4460 sacerdotalis
1450 4397 1563 4472 antiqui

367 4487 456 4546 moria
471 4490 501 4545 et
516 4487 629 4547 artificii
644 4491 735 4546 totunm
753 4505 860 4564 corpus
875 4487 1045 4563 obtegebat,
1062 4488 1148 4561 elque
1163 4487 1338 4546 intertextae
1350 4488 1435 4543 erant
1447 4480 1563 4557 effigias

366 4574 566 4648 apostolorum
582 4589 637 4632 acu
653 4572 763 4650 pictaa;
781 4575 874 4651 mitra,
893 4571 1049 4633 admodum
1066 4571 1182 4631 humilis
1198 4589 1235 4632 err
1253 4588 1333 4632 more
1350 4569 1481 4651 antiquo,
1499 4569 1563 4630 eius

366 4658 454 4750 ospiti
470 4652 647 4720 insidebat“.
