3572 5276
1310 395 1314 404 '
1380 416 1444 480 sse

251 620 317 682 ideo
339 620 513 697 praenotavi
536 618 710 696 diligenter,
740 635 777 678 ne
809 622 908 678 essent
938 620 1053 679 ooonita
1084 619 1121 679 do
1151 619 1257 680 divinis
1287 621 1444 698 miraculis,

250 724 327 782 qnae
343 723 380 766 ex
396 707 551 782 sexaginta
575 705 719 766 bonorum
742 705 906 765 assertione
929 705 1058 764 virorum
1081 703 1172 765 fuisse
1194 722 1266 766 vera
1289 706 1446 783 probatum

250 797 304 854 eet.
332 793 450 868 Soripta
471 797 540 854 enni
562 791 636 853 haee
662 791 761 852 omnia
786 808 863 852 anno
890 789 1054 851 dominicae
1080 793 1287 852 incarnationis
1309 791 1445 872 unuln,

248 885 383 955 tempore
398 879 508 939 domini
523 878 685 938 Innoeentii
700 894 798 954 papae
813 877 868 954 HI,
885 875 1073 952 pontificatus
1088 878 1152 938 eins
1166 894 1244 938 anno
1259 879 1375 941 sexto‘⁸.

291 966 436 1026 ioannem
458 983 486 1028 a.
513 966 595 1026 1069
619 969 752 1025 eveotnm
774 962 865 1024 tirisse
887 961 1048 1023 adsedem
1072 963 1280 1041 episcopalem,
1303 963 1444 1026 adnotavi

242 1167 301 1224 'V.
318 1183 361 1224 nr.
380 1169 439 1237 lus,
456 1183 483 1237 p.
503 1167 563 1222 208.
637 1166 691 1221 'In
709 1163 801 1222 codiee
820 1165 891 1235 „iarn
909 1165 1058 1221 exmaiore
1075 1173 1154 1235 parte
1172 1171 1308 1222 vetustate
1325 1167 1442 1237 adsue,

202 1271 256 1324 quo
281 1261 377 1310 nucem
403 1255 476 1310 vitae
495 1253 628 1321 utebatur,
653 1254 692 1309 ita
715 1253 842 1320 opinione
866 1259 959 1308 nostra
984 1251 1133 1321 legebatur.
1153 1252 1228 1308 Infra
1258 1267 1320 1310 vero
1349 1253 1443 1324 legens

201 1340 345 1398 colomani
370 1355 477 1408 nomen,
507 1341 546 1396 ibi
576 1353 684 1408 quoque
713 1339 782 1394 illud
806 1339 943 1408 adposuit,
973 1345 1055 1408 atque
1083 1338 1230 1395 Oreaimiro
1260 1341 1444 1412 uolumenum,

204 1428 351 1484 Chroatiae
377 1428 560 1497 Hesperiam,
579 1427 739 1482 sclavoniae
757 1426 925 1481 Pannoniam
943 1425 1101 1494 substituit;
1118 1425 1190 1482 unde
1208 1427 1253 1482 hie
1271 1434 1363 1484 textus
1380 1445 1442 1498 pro·

204 1516 270 1570 dut:
292 1515 486 1585 „Temporibus
499 1516 581 1584 igitur
601 1513 749 1580 colomani,
762 1513 835 1582 regis
853 1513 1059 1582 Hungariae...
1091 1513 1126 1568 ad
1157 1521 1250 1582 partes
1277 1515 1444 1586 Pannoniae,

201 1601 310 1658 intrans
328 1600 521 1656 Delmatiami.
547 1599 588 1657 uf.
612 1617 640 1669 p.
658 1601 709 1654 208
734 1597 783 1665 „de
807 1597 932 1667 partibus
962 1599 1129 1656 Sclaveniae.
1155 1599 1209 1655 Vix
1233 1601 1305 1656 enim
1331 1602 1444 1672 probari

200 1693 303 1758 posset,
332 1686 450 1756 legatum
475 1689 503 1742 in
530 1685 697 1742 Pannoniam
720 1685 832 1740 missum
850 1685 952 1740 Jedert
977 1685 1138 1754 Tragurium
1163 1687 1312 1744 divertisse.
1332 1689 1392 1758 Quo
1415 1692 1444 1745 in

202 1790 268 1829 casn
300 1773 445 1830 Golomnno
480 1773 639 1840 ,Salomon“
676 1769 881 1826 substituendus
924 1778 1010 1840 esset,
1050 1773 1096 1840 qui
1127 1789 1150 1828 a
1184 1777 1251 1828 1063
1286 1774 1443 1843 Hungariae

201 1860 331 1915 turonum
356 1859 486 1916 aseendit.
569 1857 745 1914 ’seeundum
770 1871 936 1912 communem
961 1859 1115 1928 opinionem
1141 1860 1344 1916 euobilissima
1368 1861 1444 1916 Ursi·

202 1961 297 2000 norum
326 1945 444 2014 (Orsini)
467 1951 548 2015 gente
581 1945 712 2001 Romana
793 1943 858 1998 ‘V.
885 1960 968 2014 supra
995 1960 1045 2001 nro
1069 1945 1252 2015 praecedenti.
1337 1946 1443 2003 ⁵nuno

202 2031 292 2088 adhue
309 2040 396 2104 punta
413 2031 486 2089 della
503 2031 625 2089 Planuha
643 2029 758 2101 (Ploda).

761 2307 888 2383 223.

202 2416 226 2478 i.
241 2416 297 2478 rua.

203 2547 431 2635 Huoparorum
461 2552 495 2614 in
526 2547 677 2616 Sirmium
700 2559 727 2616 er
750 2550 868 2636 oppida
894 2549 938 2614 od
960 2548 1075 2616 &oum
1099 2557 1126 2615 et
1150 2548 1269 2615 Ianum
1298 2551 1443 2616 ieorvreue

757 2653 890 2721 hostiles.

247 2790 287 2858 Ὀ
302 2793 435 2876 βασιλεὺς
451 2791 594 2882 Μιχαὴλι
609 2795 735 2882 φροντίω.
753 2819 807 2882 μυ·
880 2796 1060 2878 Imperator
1080 2793 1233 2860 Miehaie'l¹
1249 2795 1331 2860 nuris
1353 2795 1443 2860 innn-

205 2897 273 2985 ρίαις
288 2896 420 2976 irenem,
440 2906 502 2960 τῶν
518 2920 553 2962 τε
568 2895 713 2962 Pronnoi
729 2897 823 2986 (ipser-¹
840 2899 1046 2967 merabiiibus
1078 2895 1334 2966 conflictabatur:
1369 2896 1443 2979 Sey·

204 3025 259 3073 κην
280 3023 316 3064 τε
338 3004 388 3065 καὶ
403 2992 590 3066 Μακεδονίαν
609 3003 810 3089 αατατρεχόν-
839 3001 919 3070 this²
941 3002 1068 3086 quidem
1092 3001 1259 3067 Thraciam
1282 3007 1315 3068 et
1336 3000 1443 3067 Maus·

204 3128 277 3182 των,
300 3113 354 3168 τοῦ
377 3127 413 3168 τε
428 3103 603 3188 Σθλαβίνων
622 3105 743 3179 ἔθνουςΕ
757 3113 812 3178 τῆς
842 3106 968 3172 doniam
989 3103 1234 3184 incursantibus,
1265 3103 1444 3171 Sthlavinn·

203 3199 336 3282 δουλείας
357 3207 510 3296 Ῥωμαίων
532 3209 746 3297 ἀφηνιάσαντος
761 3212 812 3272 καὶ
841 3209 929 3274 rnrn⁸
944 3227 1020 3277 vern
1043 3214 1138 3292 gente
1159 3209 1266 3290 iugum
1281 3207 1444 3275 Romanae

202 3312 259 3382 riv
280 3309 455 3400 Βουλγάρων
473 3304 613 3398 deponeris
628 3336 664 3378 τε
678 3315 729 3376 καὶ
744 3317 809 3383 tri·
843 3312 1068 3379 dominationis
1099 3312 1279 3378 excutiente
1308 3317 1343 3378 et
1367 3311 1443 3377 Bul-

202 3415 334 3504 ζομένου.
367 3414 512 3480 Σκοῦποί*
540 3439 577 3480 τε
604 3419 654 3480 καὶ
685 3415 810 3490 Nesos
839 3417 961 3501 geriem
1000 3414 1119 3498 rapinis
1155 3421 1251 3497 etque
1291 3414 1444 3484 incendiis

204 3521 397 3608 ὲπορθοῦντο,
421 3522 471 3583 καὶ
494 3521 568 3584 αὐτὸ
590 3512 627 3590 δὴ
643 3521 680 3584 τὸ
695 3519 808 3608 Σίρμιον
839 3518 1166 3604 „genesarenorum
1189 3517 1301 3600 Soupi⁴
1317 3535 1443 3601 quoqne

202 3627 253 3686 καὶ
281 3623 323 3687 τὰ
352 3626 416 3710 περὶ
445 3623 497 3686 τόν
526 3621 639 3706 Σαβίαν
671 3625 808 3708 ποταμὸν
838 3629 872 3690 ei
894 3623 1027 3690 Naisus⁶
1049 3622 1268 3702 vastabantur,
1299 3622 1375 3703 quin
1396 3622 1443 3704 ip·

202 3729 296 3816 χωρία
325 3730 375 3790 καὶ
404 3729 435 3789 αἱ
464 3730 620 3814 παρίστριοι
650 3727 747 3800 πόλεις
777 3729 807 3788 αἱ
839 3745 910 3792 sum
932 3727 1029 3794 etiam
1047 3725 1196 3791 Sirmium
1212 3731 1245 3792 et
1259 3743 1342 3806 quae
1362 3725 1446 3791 cirea

203 3830 287 3918 μέχρι
325 3821 461 3905 Budare<⁶
497 3840 596 3905 κακῶς
632 3821 806 3894 διετίθεντο.
838 3829 966 3897 Savium
988 3847 1112 3896 amnem
1136 3829 1198 3896 sita
1221 3834 1297 3894 sunt
1318 3828 1443 3912 oppida,

204 3935 317 4000 ἐκεῖθεν
338 3923 363 3998 δ’
379 3927 464 4007 αὖθις
484 3931 658 4021 Χωροβάτοι
679 3935 729 3997 καὶ
744 3933 811 3996 Διο-
842 3952 987 4016 quaeque
1016 3933 1058 3998 ad
1086 3934 1206 3998 Istrum
1229 3949 1331 4014 nsque
1354 3931 1443 3998 Vidi-

203 4041 280 4112 κλεῖς
309 4037 495 4112 ἀποστάντες
524 4039 605 4102 ἅπαν
631 4039 668 4100 τὸ
691 4035 806 4122 'irrupt
837 4037 927 4104 nam⁶
942 4037 1049 4104 iacent
1065 4035 1211 4103 civitates
1234 4037 1376 4118 graviter
1398 4035 1443 4101 la·

202 4141 271 4206 sdv⁷
294 4150 394 4216 κακῶς
417 4132 572 4207 induem.
840 4142 1007 4208 borabant.
1031 4140 1110 4208 Inde
1137 4158 1247 4206 rursum
1273 4137 1445 4206 Chorobati

841 4251 874 4310 et
896 4244 1084 4310 Dioclenses
1107 4242 1300 4311 rebellantes
1318 4242 1443 4308 univer·

839 4366 908 4416 sum
931 4346 1108 4431 Illyriuum'
1130 4344 1336 4414 infestabant.

290 4491 453 4569 Nioephori
474 4491 597 4568 Bryenii
619 4489 894 4553 eommentariorum
917 4490 967 4550 lib.
991 4488 1046 4568 111,
1065 4507 1091 4551 e.
1119 4491 1145 4550 1.
1161 4504 1191 4563 p.
1211 4489 1272 4548 100
1287 4485 1335 4548 ed.
1352 4485 1445 4548 Bonn.

246 4577 353 4654 Quoad
377 4581 495 4655 tempus
510 4596 539 4640 v.
555 4577 681 4640 Murait:
706 4577 793 4638 nimai
807 4575 844 4637 ds
860 4574 1106 4652 chronographie
1128 4573 1291 4650 Byzantine
1317 4572 1444 4635 1057-

249 4664 342 4729 1403.
356 4661 383 4746 1,
399 4664 441 4727 aa
456 4680 496 4728 aa.
