3602 5304
1384 421 1447 484 269

208 632 263 684 τοῦ
277 613 529 704 ταξειδίουααὶτὸ
544 621 696 708 γενόμενον
713 619 762 708 ἀρ
778 615 818 684 ὧν
849 641 941 704 quam
979 622 1076 702 igitur
1113 641 1171 704 pro
1207 641 1293 704 more
1328 643 1452 690 rursum

209 729 324 788 ἔπαθον
333 727 457 812 ἔμαθον,
468 723 681 812 ἐταράχθησαν
691 725 752 812 μέν,
761 728 817 812 riq-
847 727 934 790 missi
953 733 1027 790 sunt
1043 723 1160 791 Salona
1175 727 1382 808 praesidiarii,
1400 727 1454 792 alii

206 828 287 892 νόουν
302 820 813 900 δὲὀπόθενοιύτοῖςἠτυιαύτηπλη-
844 849 863 894 a
885 831 1008 911 primiS,
1041 831 1124 894 idem
1145 830 1308 896 eonsilium
1332 839 1365 896 ct
1387 832 1449 913 ipsi

208 924 819 1021 γῆπροσεγένετσ.ἔδοξενοῦναύτοῒςππρα-
850 941 1022 1014 ceperunt,
1063 935 1318 1015 traieceruntque
1346 940 1456 1001 contra

209 1038 333 1125 φυλάξαι
361 1037 414 1100 τὸν
443 1039 540 1123 καιρὸν
568 1039 618 1100 καὶ
649 1037 756 1123 μαθεῖν
778 1037 815 1099 τὸ
846 1038 974 1103 abares.
1006 1038 1185 1104 Incidenles
1215 1057 1291 1106 vero
1322 1040 1354 1104 in
1377 1039 1451 1106 illos

209 1149 270 1203 παν
303 1143 335 1225 ἐξ
365 1144 465 1205 αὐτοῦ.
502 1143 564 1203 ἐπεὶ
594 1133 642 1203 οὖν
671 1141 752 1202 aaa&
781 1140 818 1202 τὸ
849 1159 910 1206 nun
934 1159 1078 1222 sparsos,
1110 1149 1145 1207 ut
1167 1149 1278 1226 antea,
1309 1143 1366 1209 sed
1390 1144 1452 1209 cal·

210 1245 335 1317 σύνηθες
357 1236 443 1318 αὖθις
465 1248 491 1306 οἱ
513 1245 661 1328 ταξεῶται
682 1241 815 1306 ὰπεστά-
845 1244 955 1322 lectos
977 1262 1041 1310 nun
1056 1244 1157 1310 solum
1172 1245 1251 1311 nihil
1267 1244 1450 1326 effecerunt,

209 1353 304 1419 λησαν
333 1348 394 1410 αἰπὰ
416 1345 564 1422 Σαλῶνος,
599 1341 673 1418 ἦσαν
703 1337 736 1410 δὲ
765 1351 819 1410 οὐκ
849 1349 905 1414 sed
918 1350 1054 1414 omnium
1068 1349 1253 1431 gravissima
1269 1352 1352 1432 passi
1369 1356 1451 1430 sunl,

210 1457 310 1515 ἐκεῖνοι
338 1452 406 1514 ἀλλ’
436 1452 536 1532 ἕτερον,
571 1451 671 1514 ταὺτα
705 1452 818 1524 ἐκείνοις
848 1452 962 1532 partim
979 1453 1071 1524 caesi.
1095 1453 1208 1533 parlim
1226 1455 1326 1536 capli3
1349 1472 1453 1535 neque

210 1558 260 1618 καὶ
282 1549 363 1618 οὗτοι
385 1555 467 1618 κατὰ
489 1556 596 1638 βσυλας
620 1557 736 1618 έθεντο.
760 1543 816 1617 διε-
847 1557 1012 1637 quisqnam
1035 1555 1096 1620 fuit
1119 1557 1171 1637 qui
1188 1576 1206 1622 e
1221 1559 1366 1623 manibus
1382 1558 1451 1624 illu-

210 1659 340 1746 πέρασαν
362 1651 411 1722 οὖν
431 1659 499 1722 κατ’
515 1663 622 1742 αὐτῶν,
647 1657 818 1744 ἐντυχόντες
848 1677 917 1724 rum
930 1659 1088 1726 evaderet.
1105 1660 1286 1726 Percontali
1298 1679 1373 1728 veru
1386 1663 1454 1743 qui·

211 1752 244 1826 δὲ
266 1766 365 1836 αὐτον
386 1763 569 1851 συνηγμένοις
597 1767 680 1850 ὁμοῦ,
704 1766 760 1849 οὐχ
781 1768 819 1835 ὡς
849 1783 921 1828 nam
938 1770 971 1829 et
986 1763 1069 1828 unde
1087 1771 1203 1842 essent,
1227 1765 1452 1847 intellectuque

210 1868 249 1930 τὸ
270 1867 407 1953 πρότερον
423 1867 661 1954 ἐσκορπισμένους,
684 1851 718 1928 οὗ
734 1867 820 1952 μόνον
850 1867 890 1932 ab
913 1869 991 1949 ipsis
1014 1887 1049 1934 sa
1081 1868 1164 1932 mala
1194 1887 1291 1951 supra
1317 1888 1452 1936 commc-

212 1963 295 2036 οὐδὲν
318 1969 388 2064 (οὐκ)
418 1973 557 2042 έποέηοαν
586 1971 667 2033 ἀλλὰ
697 1973 746 2032 καὶ
777 1969 818 2032 τὰ
848 1979 971 2036 murata
1000 1990 1170 2054 perpessus
1201 1991 1289 2052 esse,
1325 1973 1455 2055 insuper

211 2075 332 2140 πάντων
362 2067 519 2140 δεινότατα
555 2077 679 2138 ἔπαθον·
711 2077 737 2137 οἱ
766 2073 819 2160 μὲν
850 2077 889 2142 de
905 2075 964 2140 luci
977 2075 1130 2155 qualitate
1142 2077 1345 2157 inquirentes,
1363 2077 1452 2158 quasi

212 2181 268 2270 γοὶρ
290 2186 390 2245 αὐτων
418 2179 596 2268 ἐσφάγησαν,
621 2183 648 2242 οἱ
670 2177 703 2243 δὲ
725 2181 820 2242 λοιποὶ
850 2199 888 2245 ex
911 2179 1022 2245 auditu
1045 2198 1152 2245 amore
1183 2180 1306 2246 accensi
1330 2182 1362 2246 in
1384 2183 1452 2246 vin-

213 2287 413 2373 ἐχειρώθησαν
435 2287 552 2369 ζῶντες,
574 2287 625 2348 καὶ
646 2275 737 2358 οὐδεὶς
749 2285 821 2347 ὲκεί-
851 2284 930 2350 culis
953 2302 1008 2350 eus
1031 2289 1220 2363 tenuerunt,
1251 2292 1283 2352 et
1311 2286 1452 2352 vestibus

212 2415 268 2453 νων
290 2399 351 2452 τῶν
372 2397 474 2477 χειρῶν
500 2388 641 2476 ἐξέφυγεν.
666 2387 819 2472 έξετάσαν·
851 2407 959 2454 eurum
1006 2390 1140 2470 sumplis
1186 2388 1338 2470 equisque
1382 2408 1455 2456 con·

213 2515 263 2568 τες
293 2484 326 2556 δὲ
355 2493 462 2567 αὐτοὺς
491 2494 565 2566 τίνες
593 2495 643 2556 καὶ
665 2491 736 2556 ὅθεν
759 2494 819 2578 εἰσί,
851 2494 980 2574 scansis,
996 2490 1201 2558 flammulaet
1217 2492 1339 2575 reliqua
1354 2495 1454 2576 signa,

214 2601 264 2661 καὶ
278 2597 486 2686 ὰναμαθέντες
501 2597 547 2660 ὅτι
559 2597 694 2681 ἐξαύτῶν
703 2597 818 2660 έπαθον
850 2615 931 2678 qnae
954 2614 1060 2663 secum
1085 2598 1274 2681 attulerant,
1307 2597 1455 2664 tollentes

213 2703 269 2772 τήν
298 2701 446 2788 εἰρημένην
477 2702 612 2788 πληγήν,
642 2706 687 2764 έτι
715 2690 820 2764 δὲκαὶ
848 2720 936 2767 more
966 2701 1139 2778 exercilus,
1175 2700 1323 2766 Salonam
1354 2702 1455 2783 petie-

213 2809 353 2892 περὶτῆς
375 2805 533 2878 ποιότητος
547 2814 602 2868 τοῦ
612 2804 708 2868 τόπου
720 2807 819 2867 αὐτῶν
849 2810 932 2869 runt.
956 2802 1090 2887 Cognito
1113 2805 1211 2886 igitur
1231 2810 1375 2885 ternpore
1392 2823 1454 2885 quc
1507 2867 1511 2874 .

214 2909 425 2996 ἐρευνήσαντες,
441 2911 491 2972 καὶ
506 2909 572 2972 ὅσον
588 2909 722 2994 ὲξάκοῆς
738 2909 820 2994 epuc-
850 2907 1027 2974 aDanubio
1039 2908 1143 2974 redire
1156 2908 1239 2972 soliti
1256 2915 1348 2974 erant
1363 2927 1454 2990 prae-

215 3015 330 3090 θέντες,
354 3015 518 3101 ἐκράτησαν
540 3013 608 3086 τοὺς
630 3013 743 3098 ζῶντας
758 3003 824 3076 δεο-
855 3012 984 3096 sidiarii,
1010 3013 1095 3093 quud
1118 3017 1187 3077 erat
1210 3031 1356 3094 magnum
1382 3013 1455 3078 sab·

216 3121 304 3208 μέους,
328 3121 378 3183 καὶ
393 3109 564 3183 ussum
586 3117 627 3181 τοὶ
649 3117 753 3204 ἱμάτια
768 3120 821 3180 αὐ·
850 3117 969 3198 batum,
993 3117 1104 3182 eudem
1122 3115 1172 3182 dic
1193 3123 1356 3182 venerunt.
1373 3115 1455 3181 Mul-

214 3233 275 3288 τῶν
289 3222 378 3288 καθὰ
392 3224 500 3297 ἐκεῖνον,
521 3226 571 3286 καὶ
585 3212 622 3294 δὴ
638 3223 706 3295 τοὺς
719 3225 825 3294 ἵππους
855 3221 957 3288 titudo
987 3226 1095 3287 aulem
1129 3221 1246 3298 omnis,
1284 3239 1355 3287 cum
1385 3219 1456 3286 urbi

215 3327 387 3413 ἀναβάντες,
401 3331 552 3417 ὲπὶγστρας
563 3327 605 3391 τὰ
617 3349 652 3391 τε
666 3328 822 3414 ρλάμουλα
852 3325 1138 3407 appropinquaret,
1171 3343 1240 3392 sesa
1270 3325 1456 3392 occultavit:

215 3437 266 3498 καὶ
295 3435 338 3497 τὰ
367 3433 457 3497 λοιποὶ
479 3443 585 3519 σημεῖα
608 3431 629 3494 ἃ
651 3428 823 3517 ἐπεφέροντο
854 3431 940 3494 mille
969 3447 1045 3494 vcro
1076 3431 1129 3510 qui
1160 3446 1260 3511 equos
1291 3434 1324 3496 el
1353 3435 1458 3495 vestes

215 3539 281 3626 μετ’
303 3541 412 3612 αὐτῶν,
442 3541 559 3624 ἀπῆραν
580 3533 690 3608 πάντες
712 3555 821 3622 ροσσα-
851 3533 1070 3599 Dalmatarum
1086 3537 1296 3617 sumpserant,
1317 3538 1353 3597 ut
1369 3531 1458 3598 falle·

216 3651 304 3715 ταῶς
325 3644 375 3704 καὶ
397 3641 478 3704 κατὰ
496 3649 551 3713 τῆς
565 3636 704 3711 Σαλῶνος
726 3638 823 3725 ὤρμη·
852 3643 932 3716 rent,
957 3637 1090 3703 ulterius
1119 3642 1335 3718 perrexerunt.
1361 3637 1457 3719 Oppi-

217 3769 280 3810 σοιν.
315 3751 354 3820 ὡς
374 3737 422 3809 οὖν
443 3745 565 3808 καὶτὸν
588 3743 683 3830 καιρὸν
707 3743 821 3828 ἔμαθον
851 3743 925 3808 dani
939 3741 1072 3826 cognitis
1089 3741 1187 3823 signis
1201 3740 1265 3806 suis
1282 3747 1315 3805 el
1329 3741 1457 3818 vestitu,

216 3849 400 3934 ζητήσαντες
414 3848 485 3910 καθ’
494 3848 525 3909 ὅν
537 3851 563 3910 οἱ
573 3849 721 3930 ταξεῶται
729 3847 824 3909 ἐκτοῢ
852 3851 1021 3929 praeterea
1053 3845 1121 3924 diu,
1157 3861 1219 3924 quo
1251 3844 1355 3908 redire
1382 3844 1458 3925 ipsis

215 3953 377 4036 Λανουβίου
392 3952 569 4039 ὑπέστρεφον
585 3944 628 4038 (ἦν
644 3941 678 4013 δὲ
692 3951 728 4013 τὸ
744 3949 822 4037 μέγα
853 3950 1000 4032 solenne,
1035 3949 1136 4030 portis
1167 3950 1286 4030 apsidis
1317 3947 1457 4028 gratula-

215 4061 265 4121 καὶ
276 4059 358 4144 ἅγιον
371 4054 541 4146 σάββατον),
564 4047 661 4124 ἦλθον
676 4057 727 4117 καὶ
741 4053 823 4116 κατὰ
854 4053 951 4118 bundi
982 4071 1036 4118 cos
1067 4056 1268 4133 exceperunt.
1301 4051 1352 4116 Illi
1382 4069 1458 4116 vero

215 4162 271 4233 τήν
294 4161 388 4232 αὐτὴν
411 4159 529 4248 ἡμέραν.
553 4163 604 4222 καὶ
625 4159 662 4221 τὸ
678 4157 729 4244 μὲν
745 4159 822 4226 πλη·
853 4158 961 4222 statim
984 4175 1022 4222 ac
1044 4156 1219 4220 intrassent
1235 4160 1343 4236 portas
1367 4173 1458 4221 occu-

216 4269 281 4340 θος,
316 4265 368 4328 ὅτε
401 4256 497 4337 δήπου
531 4263 654 4334 πλησίον
677 4259 821 4348 ἐγένοντο,
852 4269 946 4342 pant,
979 4267 1012 4326 cl
1042 4261 1132 4341 siguo
1164 4259 1311 4340 reliquie,
1343 4261 1395 4340 qui
1426 4260 1458 4323 in

215 4381 271 4434 τοῦ
304 4369 453 4458 ροσσάτσυ
486 4367 646 4454 ἀπεκρύβη·
678 4365 761 4452 μέχρι
791 4355 824 4427 δὲ
853 4364 975 4429 insidiis
1000 4369 1099 4446 eraut,
1125 4363 1208 4440 dato,
1233 4381 1399 4429 sucurrere
1421 4379 1458 4428 ac

216 4483 277 4538 τῶν
306 4475 407 4562 χιλίων
437 4474 536 4544 οἵτινες
565 4469 634 4542 τούς
661 4491 697 4531 τε
718 4469 823 4541 ἵππους
853 4467 977 4550 ingredi
1000 4467 1117 4532 iubent.
1141 4465 1375 4531 Intelleccrunt
1397 4467 1457 4530 ila·

216 4581 266 4642 νιαὶ
298 4578 353 4650 τοὶς
384 4576 493 4648 στολὰς
523 4581 559 4647 εἰς
589 4571 710 4642 ἀπάτην
740 4571 822 4635 έαέιι-
854 4590 914 4652 que
939 4588 1047 4634 ornnes
1071 4571 1168 4650 (ivm,
1200 4574 1232 4634 ct
1255 4587 1293 4632 ex
1317 4587 1355 4634 cu
1379 4574 1456 4634 tem·

218 4703 310 4754 τηντσ
344 4689 404 4743 τῶν
426 4680 634 4766 Δελματινῶν,
669 4675 823 4760 ἐξήλασαν.
855 4693 932 4756 pure
955 4673 1144 4739 Dalmatiam
1164 4673 1344 4737 universam
1367 4689 1458 4737 occu-
