3602 5304
1395 399 1457 462 207

220 603 363 684 gregatis
387 599 543 683 siquidem
574 601 756 668 senioribus
779 621 815 666 ac
837 602 995 668 celebrato
1027 603 1157 668 consilio
1187 605 1319 670 eundern
1351 603 1456 670 Vllum

221 707 436 790 presbiterum
459 723 528 771 cum
552 706 617 772 suis
642 705 836 770 munusculis
861 705 993 772 Romam
1017 708 1157 772 mittunt.

264 811 340 876 Mox
362 811 555 893 praesbyter
577 816 705 892 arrepto
725 810 839 876 itinere
855 809 989 876 Romam
1011 811 1105 877 venit.
1129 811 1317 879 Munnscula
1340 813 1457 880 Chroa-

220 921 326 982 torum
356 933 427 980 cum
456 934 566 980 eorum
595 915 800 997 petitionibus
831 915 871 980 ad
902 915 999 997 pedes
1030 915 1147 981 domini
1178 919 1303 998 papae⁸
1335 919 1458 1002 detulit,

220 1040 358 1102 eumque
381 1018 564 1102 suppliciter
587 1020 719 1102 rogauit,
745 1025 781 1084 ut
803 1025 922 1085 statum
939 1021 1142 1086 ecclesiarum
1166 1029 1198 1086 et
1221 1023 1404 1088 clericorum
1428 1025 1460 1088 in

219 1145 320 1209 regno
345 1126 525 1192 sclauonico
548 1125 581 1188 in
603 1143 722 1190 morem
739 1123 907 1206 pristinum
921 1134 1095 1190 revocaret.
1120 1125 1209 1191 Tunc
1225 1143 1365 1191 suminus
1381 1146 1457 1208 pon·

220 1229 300 1296 tifex
318 1231 348 1296 ei
364 1229 539 1313 respondit,
558 1230 644 1310 quod
660 1247 722 1296 non
738 1235 807 1294 erat
823 1228 948 1308 iustum,
968 1236 1004 1294 ut
1020 1236 1129 1296 corrtra
1145 1235 1265 1294 statuta
1282 1230 1458 1314 legatorum

221 1335 417 1418 apostolicae
441 1335 527 1401 sedis
549 1333 667 1416 aliquid
691 1333 776 1398 facili
800 1334 928 1400 consilio
951 1341 1117 1417 ageretur:
1145 1335 1213 1414 „Tu
1229 1342 1334 1402 autern
1350 1355 1457 1418 recep·

220 1441 263 1506 tis
286 1439 403 1506 nostris
427 1439 568 1521 apicibus
585 1439 627 1504 ad
642 1439 913 1520 archiepiscopum
929 1445 962 1504 et
977 1456 1085 1520 regern
1102 1445 1135 1504 et
1150 1439 1192 1503 ad
1207 1447 1350 1507 caeteros
1368 1460 1457 1522 prae-

219 1545 304 1610 latos
329 1544 414 1610 illius
437 1545 619 1626 prouinciae
643 1542 765 1626 perier,
797 1549 837 1607 ut
855 1544 919 1608 duo
942 1543 1081 1625 episcopi
1104 1543 1233 1626 probis
1257 1547 1392 1628 negotiis
1417 1547 1459 1610 ari

220 1667 279 1715 nos
302 1651 466 1724 accedant,
489 1651 565 1731 quia
587 1659 628 1730 te,
653 1654 763 1729 utpote
787 1649 938 1730 ignotum,
971 1649 1137 1730 superbis
1160 1649 1309 1716 exaudire
1333 1651 1458 1716 minimo

220 1760 423 1836 possumus“.

264 1858 424 1942 Malignus
441 1876 518 1940 ergo
534 1859 721 1941 praesbyter
736 1857 863 1940 papalia
891 1857 1010 1940 scripta
1026 1877 1088 1922 non
1111 1859 1226 1940 quibus
1241 1861 1339 1928 missa
1354 1871 1454 1949 erant,

221 1963 338 2029 detulit
360 1965 416 2031 sed
440 1965 481 2030 ad
503 1963 653 2043 Gothos‚⁴
676 1965 817 2044 quicum
834 1963 993 2042 miserant,
1017 1963 1135 2028 reuerti
1151 1981 1247 2046 ocyus
1264 1971 1457 2050 properauit.

220 2067 310 2134 Tunc
341 2069 599 2151 percontantibus
628 2085 717 2146 eum,
749 2067 893 2150 quidde
924 2068 989 2132 suis
1013 2069 1218 2150 petitionibus
1240 2072 1326 2150 apud
1347 2074 1455 2140 sedem

219 2176 427 2257 apostolicam
449 2183 554 2242 acturn
578 2181 672 2258 esset,
696 2171 862 2256 respondit
884 2172 1010 2238 dicens:
1045 2173 1145 2254 „Ecce
1169 2193 1226 2255 per
1248 2175 1300 2240 dei
1323 2179 1456 2260 gratiam

220 2281 370 2362 quicquid
393 2281 548 2361 uoluistis
573 2298 593 2344 a
614 2278 742 2346 domino
762 2296 848 2360 papa
862 2278 1039 2358 irnpetraui.
1067 2277 1148 2342 Nam
1165 2280 1316 2347 ecclesiae
1332 2290 1458 2350 uestrae

219 2391 354 2469 apertae
378 2393 460 2466 sunt,
493 2384 712 2452 sacerdotibus
743 2383 859 2448 uestris
890 2381 993 2448 officia
1023 2384 1171 2449 restitute
1202 2391 1295 2464 sunt;
1323 2387 1454 2470 insuper

219 2493 316 2559 etiarn
340 2492 400 2559 hoc
420 2492 511 2558 uobis
535 2490 666 2571 obtinui,
689 2493 726 2553 ut
748 2489 788 2554 de
810 2492 907 2572 gente
936 2495 1044 2555 uestra
1074 2489 1165 2555 uobis
1196 2490 1377 2571 pontificem
1401 2494 1457 2559 eli-

219 2600 311 2681 gatis,
337 2614 522 2678 mecumque
545 2596 584 2662 ad
609 2595 747 2663 mudum
770 2613 883 2677 papam
909 2612 978 2659 cum
1002 2593 1157 2676 aliquibus
1177 2596 1360 2662 muneribus
1384 2617 1458 2664 con-

221 2705 410 2770 secrandum
440 2703 604 2768 mittatis“.
640 2701 733 2778 Quod
763 2699 930 2766 audientes
960 2698 1058 2764 Gothi
1088 2699 1221 2766 multum
1250 2701 1324 2766 laeti
1356 2701 1461 2770 effecti

218 2817 301 2894 sunt,
326 2815 360 2877 et
380 2809 465 2875 illico
482 2807 639 2891 quondam
656 2817 763 2872 senem
780 2805 901 2888 rudem,
918 2804 1045 2870 nornine
1062 2802 1250 2886 Οιιιίειιίιιιιι,5
1273 2809 1455 2890 episcopum

219 2907 404 2997 elegerunt3
427 2932 562 2994 eumque
585 2933 655 2978 curn
679 2911 814 2994 quodam
838 2911 970 2993 abbate,
995 2910 1297 2991 praeparemus,
1331 2922 1456 2980 etcum

16 2979 18 3058 ᾗ
133 3076 135 3080 .
219 3021 290 3102 ipso
306 3019 380 3087 Vllo
396 3019 612 3102 praesbytero,
630 3020 727 3084 totius
739 3018 889 3100 magistro
907 3019 1076 3098 nequitiae,
1099 3019 1233 3084 Romam
1250 3026 1458 3102 properanter

219 3125 383 3192 miserunt.

263 3229 324 3308 Qui
348 3248 419 3296 cum
442 3233 518 3294 ante
540 3227 754 3310 praesentiam
777 3230 890 3294 summi
907 3227 1064 3310 pontificis
1080 3229 1227 3308 uenisset,
1252 3235 1455 3311 percontatus

217 3341 269 3400 est
291 3351 346 3400 eos
370 3333 456 3415 ipse:
481 3333 607 3414 quinam
631 3332 763 3398 essent?
786 3331 951 3398 Nefandus
974 3333 1161 3415 praesbyter
1180 3334 1360 3414 respondit:
1387 3336 1454 3421 „Ex

217 3439 399 3505 Dalmatiae
422 3439 566 3522 partibus
589 3455 713 3517 sumus3
743 3443 914 3519 uestraque
944 3443 1052 3520 potest
1082 3437 1240 3505 reminisci
1270 3443 1456 3522 paternitas,

218 3561 270 3610 mo
294 3545 412 3611 dudum
436 3543 479 3608 ad
502 3549 640 3611 uestram
663 3545 836 3611 accessisse
859 3544 1129 3622 beneuolentiam;
1153 3551 1185 3612 et
1208 3545 1277 3611 istis
1300 3547 1340 3610 ad
1357 3549 1455 3627 perles

218 3657 350 3718 uestrae
374 3650 552 3716 sanctitatis
576 3649 685 3715 uenire
714 3649 850 3733 placuit,
882 3657 918 3714 ut
948 3651 1034 3732 genti
1065 3668 1159 3730 suae,
1190 3651 1271 3715 sicut
1302 3653 1454 3734 omnibus,

217 3757 354 3840 gratiam
383 3755 516 3822 faciatis.
547 3753 701 3820 Nimirum
732 3761 766 3820 et
793 3756 854 3821 iste
885 3754 1100 3820 nobilissimus
1129 3755 1303 3820 Gothorum
1335 3757 1384 3820 uir
1415 3760 1455 3822 ad

217 3860 278 3928 hoc
300 3861 398 3936 uenit,
422 3867 458 3926 ut
480 3879 537 3944 per
559 3879 618 3929 uos
641 3859 763 3942 plenius
785 3860 975 3938 instructus,
1007 3859 1150 3926 ueritatis
1179 3879 1321 3927 nonnam
1351 3861 1457 3926 ualeat

215 3965 348 4032 liberius
373 3963 588 4048 pr·aedicare“.
611 3965 734 4030 Rursus
758 3964 902 4030 dominus
925 3984 1023 4046 papa:
1058 3984 1138 4052 „quo
1162 3965 1281 4032 honore
1297 3967 1458 4047 —inquit

216 4107 254 4117 -
283 4070 467 4152 ιιιῐιςίιιιιῖ)ιι
494 4071 693 4152 Responsum
707 4077 765 4149 est,
790 4071 875 4150 quod
891 4069 1010 4134 dudum
1026 4071 1059 4134 in
1075 4089 1133 4135 sua
1147 4070 1255 4134 littera
1270 4071 1457 4152 praesbyter

216 4174 323 4243 fuerit.
348 4174 397 4240 Ad
420 4175 500 4241 haec
523 4195 622 4258 papa:
649 4176 712 4256 „Et
735 4194 790 4239 cur
812 4174 942 4240 barbam
967 4175 1079 4239 radere
1095 4175 1267 4240 secundum
1284 4174 1457 4240 catholicae

216 4279 371 4347 ecclesiae
395 4299 514 4347 morem
538 4277 682 4346 renuit‘?“
709 4279 890 4345 Sceleratus
912 4281 1099 4362 praesbyter
1123 4281 1245 4360 inquit:
1272 4279 1377 4365 „Idea
1403 4280 1457 4346 do-

214 4386 316 4464 mine,
342 4385 383 4450 ad
403 4390 544 4450 uestram
566 4385 656 4451 uenit
686 4384 915 4467 praesentiam,
950 4390 984 4448 ut
1014 4386 1157 4450 ammodo
1191 4393 1328 4449 uestram
1359 4383 1455 4449 faciat

216 4489 460 4560 obedientiam‘¹
479 4491 567 4556 illico
585 4497 693 4557 autern
709 4490 910 4555 ueneramlus
927 4489 1066 4570 pontifex
1083 4490 1211 4570 propria
1228 4507 1320 4553 manu
1336 4507 1453 4569 paucos

158 4622 167 4638 ··
215 4595 298 4676 pilos
323 4597 364 4660 ‹le
387 4595 487 4662 barba
510 4596 594 4664 illius
618 4595 789 4678 praecidit3
814 4601 846 4660 et
869 4613 939 4659 mox
955 4596 1141 4673 astantibus
1167 4602 1202 4659 ut
1218 4613 1288 4659 eum
1305 4594 1451 4659 ecclesia-

215 4701 295 4766 stico
319 4721 407 4768 more
430 4701 607 4781 tonderent,
632 4701 730 4766 iussit.
755 4699 804 4765 no
827 4701 1066 4781 praesbyterum
1089 4719 1165 4764 uero
1190 4701 1251 4764 ait:
1280 4697 1368 4780 „Non
1392 4717 1451 4778 ego
