3480 5284
362 327 403 390 22

359 531 510 612 fecimus3
534 531 645 598 sedin
668 533 768 597 uicem
792 530 932 598 eiusdem
953 532 1005 596 uic
1029 531 1069 598 de
1099 532 1260 598 territorio
1290 531 1430 599 eiusdem
1461 531 1600 598 ecclesie

361 639 443 704 uiam
465 637 595 704 fecimus
618 637 782 720 publicam
798 655 889 703 secus
912 655 1034 702 murum
1058 637 1206 703 ciuitatis.
1228 637 1298 704 Hec
1321 637 1425 704 omnia
1440 657 1504 704 nou
1520 656 1596 719 spe-

361 743 432 809 ciali
454 749 560 808 nostro
585 741 714 808 consilio
738 741 795 807 sed
818 742 961 809 omnibus
989 741 1258 808 consentientibus
1281 742 1402 808 ciuibus
1427 743 1468 808 ad
1491 743 1600 808 salua-

360 848 478 914 tionem
508 846 648 930 predicte
682 845 821 912 ciuitatis
852 851 885 911 et
915 847 1022 928 populi
1057 847 1273 912 ordinauimus
1302 854 1335 913 et
1365 848 1601 932 consuluimus,

362 956 457 1033 atque
480 949 657 1017 firmamus:
680 957 717 1017 ut
738 953 764 1017 si
789 951 916 1034 aliquis¹
946 951 1100 1018 diabolico
1116 952 1229 1034 spiritu
1244 953 1403 1035 impletus,
1427 953 1512 1036 quod
1535 970 1601 1017 non

363 1061 518 1138 optamus,
547 1061 656 1122 contro
678 1075 735 1122 uos
757 1061 946 1138 uestrosque
969 1073 1167 1124 successores
1190 1057 1336 1124 molestia
1358 1057 1398 1122 de
1420 1057 1517 1124 rebus
1541 1061 1600 1122 aut

363 1160 548 1227 substantiis
578 1159 689 1227 fecerit
711 1161 751 1225 de
774 1160 976 1243 supradicta
1000 1161 1147 1241 ecclesia,
1177 1161 1322 1228 habeatis
1344 1162 1503 1228 licentiam
1526 1180 1600 1239 cum

363 1263 423 1330 hac
452 1265 574 1330 curtida
603 1265 781 1332 traditionis
811 1266 843 1330 iu
874 1264 1023 1331 iudicium
1052 1266 1162 1332 uenire
1191 1273 1287 1348 atqua
1316 1247 1494 1334 monstrare
1521 1275 1600 1334 ante

362 1369 585 1452 imperatorem
609 1374 665 1436 aut
685 1389 810 1452 regern,
841 1374 915 1436 ante
937 1371 1082 1435 comitem
1106 1373 1173 1436 siue
1195 1372 1329 1454 iudices,
1360 1372 1414 1454 qui
1436 1391 1494 1455 pro
1517 1377 1599 1441 tam·

364 1492 441 1556 pore
463 1472 587 1556 fuerint,
611 1479 647 1539 ut
668 1474 762 1539 nichil
785 1474 904 1556 aliquid
927 1474 966 1540 de
990 1493 1084 1556 supra
1107 1474 1191 1541 dicta
1211 1492 1307 1542 causa
1327 1475 1502 1544 subrahere
1523 1495 1599 1559 pos·
1726 1484 1727 1501 ¹

365 1584 448 1644 sunt.
472 1578 563 1656 Quod
580 1579 607 1644 si
622 1579 751 1661 aliquis⁹
765 1596 961 1661 quocumque
977 1583 1128 1660 tempore,
1147 1578 1299 1647 diabolico
1317 1580 1428 1663 spiritu
1442 1580 1597 1664 repletus,

365 1691 431 1750 tam
453 1685 493 1750 de
520 1685 637 1750 nostris
666 1702 760 1765 quarn
791 1683 829 1751 dc
861 1684 1037 1762 extraneis,
1070 1689 1179 1749 contra
1208 1690 1347 1750 rosham
1379 1683 1600 1752 diffinitionem

366 1788 472 1870 aliqua
494 1788 630 1854 aduersa
651 1787 755 1856 fecere
777 1789 1014 1874 presumpserit,
1038 1787 1152 1853 iratum
1166 1788 1284 1855 habeat
1299 1795 1420 1871 patrem
1444 1795 1477 1855 et
1499 1787 1601 1856 filium

371 1899 403 1959 et
418 1892 561 1975 spiritum
578 1899 736 1974 sanctum;
760 1898 792 1961 ct
806 1893 1059 1959 maledictionem.
1073 1913 1093 1958 a
1109 1912 1161 1960 ccc
1177 1899 1209 1959 et
1223 1912 1349 1961 xviri-us
1364 1895 1464 1960 sancti
1475 1899 1602 1978 patrem

366 2004 398 2064 ct
419 1999 451 2063 iu
473 1998 642 2065 nouissimo
666 1997 849 2064 maranathe
868 2016 937 2062 cum
962 1996 1085 2064 diabolo
1109 2004 1142 2062 at
1165 1999 1233 2064 eius
1248 1999 1371 2066 tethros
1387 2000 1518 2083 angelos
1533 2000 1601 2084 a(c)

366 2103 450 2169 iuda
473 2101 635 2169 Scariothe
657 2104 689 2168 in
711 2101 832 2169 inferno
856 2102 1066 2169 muneretur.⁸
1099 2103 1143 2168 Et
1163 2102 1223 2169 hec
1245 2103 1367 2169 cartula
1394 2105 1540 2180 uolumus
1567 2111 1604 2169 ut

366 2209 398 2274 in
420 2227 478 2274 sua
500 2208 802 2273 maneatfirmitato.
832 2207 944 2272 Actum
966 2206 1027 2275 hoc
1049 2213 1192 2290 ternpore
1214 2210 1276 2291 a(c)
1299 2208 1479 2275 consulibus
1503 2229 1604 2292 supra

368 2313 492 2394 scriptis
515 2317 548 2377 ct
569 2313 638 2378 loco
662 2331 766 2378 coram
789 2312 839 2377 his
862 2312 1005 2378 testibus.
1029 2312 1071 2378 Et
1092 2313 1222 2395 insuper
1248 2311 1408 2379 firmamus
1431 2321 1464 2381 et
1486 2315 1604 2380 consti·
1678 2383 1682 2398 ,

368 2417 503 2498 tuimuS,
534 2421 569 2482 ut
592 2416 732 2500 quisquis
756 2416 967 2482 contradictor
997 2417 1152 2502 extiterit,
1183 2419 1265 2483 sicut
1287 2419 1432 2502 superius
1456 2419 1604 2497 diximus,

293 2579 295 2590 2
368 2541 431 2590 non
455 2522 555 2587 solum
577 2521 626 2587 his
650 2521 1157 2605 supradictismaledictionibus
1181 2522 1332 2602 subiceat,
1356 2524 1522 2590 sedetiam
1546 2542 1604 2606 pc·

369 2645 441 2692 nam
471 2626 634 2709 persoluat
664 2627 732 2692 ouri
762 2626 858 2692 libras
881 2625 942 2690 XX
964 2631 997 2692 ct
1020 2625 1168 2692 confusus
1191 2626 1284 2693 sileat
1306 2633 1419 2695 mutus.
1455 2627 1499 2692 Et
1520 2627 1603 2694 hanc

368 2732 521 2798 cartulam
543 2729 664 2796 firmam
688 2749 724 2796 ac
745 2730 923 2797 roboratam
948 2749 1071 2814 semper
1093 2733 1255 2814 persistat.
1287 2731 1377 2799 Anno
1400 2731 1603 2815 pontificatus

369 2836 475 2902 domni
497 2834 665 2901 Anastasio
687 2839 809 2902 octauo.
833 2834 1008 2902 Indictione
1029 2854 1102 2919 rou.

413 2957 612 3040 Signamus1⁴
631 2957 699 3040 Ego
715 2958 910 3044 Anastasius,
926 2960 1091 3042 episcopus
1107 2977 1203 3040 supra
1219 2957 1302 3024 dicte
1318 2959 1465 3038 ciuitatis
1482 2958 1607 3026 testis⁵
1726 3028 1727 3056 ,

370 3063 440 3146 Ego
462 3063 595 3142 Petrus,
628 3063 793 3144 episcopus
814 3061 957 3128 Arbense
979 3062 1135 3148 ciuitatis,
1159 3064 1261 3129 testis.
1292 3063 1361 3146 Ego
1384 3063 1487 3144 Maio,
1517 3065 1608 3147 prior

370 3167 511 3250 predicte
536 3165 671 3232 ciuitatis
695 3165 831 3250 (Jadlre,
855 3167 954 3233 testis.
977 3167 1046 3250 Ego
1065 3166 1214 3232 hraatus⁰
1229 3167 1477 3250 archidiaconus
1501 3169 1605 3236 testis

370 3271 441 3354 Ego
463 3272 577 3338 Petrus
607 3271 867 3355 archipresbiter,
902 3272 1002 3338 testis.
1037 3271 1107 3355 Ego
1137 3271 1272 3338 Domnio
1304 3274 1465 3353 tribuum,
1500 3276 1605 3355 testis,

371 3376 441 3459 Ego
463 3376 644 3458 Lampridio
667 3376 821 3455 tribunus,
846 3377 948 3442 testis.
972 3376 1041 3458 Ego
1063 3377 1177 3443 Petrus
1197 3379 1351 3458 tribunus,
1376 3379 1466 3444 socer
1480 3378 1606 3463 prioris,
1726 3448 1727 3457 ,

371 3481 473 3547 testis.
497 3481 565 3564 Ego
588 3481 672 3546 Maio
697 3481 850 3561 tribunus,
874 3483 973 3547 testis.
1004 3481 1101 3565 (Ego)
1125 3481 1285 3548 Cernechc
1307 3483 1462 3562 tribunus,
1485 3484 1608 3550 testis.²

372 3585 441 3670 Ego
463 3585 590 3658 Dubro‚
614 3583 822 3664 hetereius,
845 3587 946 3650 testis.
981 3586 1050 3664 Ego
1073 3585 1201 3652 Urscna
1223 3588 1377 3664 tribunus,
1402 3590 1503 3654 testis.
1535 3583 1607 3672 Ego

372 3691 495 3771 Petrus,
518 3690 663 3756 tribunus
680 3690 863 3772 spalatinus,
889 3689 987 3756 testis.
1012 3691 1080 3774 Ego
1097 3689 1201 3756 Barba
1215 3691 1370 3775 tribunus,
1387 3693 1490 3758 testis.
1508 3674 1606 3778 (Ego)

372 3793 591 3878 Nychiphorus
623 3794 786 3873 tribunus,
822 3795 923 3860 testis.
962 3795 1031 3877 Ego
1065 3794 1225 3862 Johannes
1261 3797 1405 3863 tribunus
1439 3799 1604 3880 arbesano,

373 3901 471 3967 testis.
496 3899 564 3982 Ego
588 3899 690 3980 Plato,
714 3900 867 3984 tribunus,
892 3899 989 3966 irater
1012 3902 1089 3976 eius,
1113 3902 1214 3966 testis.

414 4022 484 4106 Ego
508 4023 631 4104 quidem
654 4021 862 4104 Anastasius,
894 4024 1061 4106 episcopus
1090 4043 1185 4104 supra
1214 4023 1297 4091 dicte
1319 4024 1475 4105 ciuitatis,
1512 4043 1606 4092 manu

373 4127 501 4211 propria
524 4127 663 4210 (scri)psi
686 4133 718 4193 ct
740 4127 895 4194 roboraui.

460 4269 674 4346 Apographum
689 4273 811 4331 mcmbr.
827 4272 952 4348 saeculi,
977 4273 1017 4330 uti
1035 4270 1166 4352 videtur,
1190 4271 1247 4330 XII
1262 4271 1396 4331 excuntis
1410 4273 1459 4331 vel
1475 4271 1549 4330 xm
1563 4273 1608 4332 in-

418 4357 530 4435 cuntis,
557 4357 702 4432 quondam
718 4359 747 4417 in
762 4359 937 4418 monastario
953 4375 976 4419 s.
993 4357 1174 4434 Chrysogoni
1196 4357 1340 4436 iaderae,
1363 4377 1439 4418 nunc
1453 4357 1562 4420 ibidem
1578 4359 1608 4420 in

419 4444 620 4592 33ngss
636 4445 753 4589 ilocumt.
778 4445 904 4506 consilii:
928 4444 1004 4506 Acta
1026 4445 1194 4504 monasterii
1217 4461 1241 4506 s.
1265 4444 1462 4524 Chrysogoni,
1489 4463 1565 4506 cass.
1582 4447 1606 4524 1,

500 4577 506 4590 .
550 4575 558 4605 ,
612 4579 618 4592 .
658 4577 665 4592 .

461 4618 488 4679 J.
504 4617 612 4678 Lucius
628 4617 746 4679 adducit
761 4619 872 4680 initium
887 4619 916 4680 iu
932 4636 1037 4696 opero:
1061 4620 1107 4680 Do
1123 4637 1205 4696 regn.
1222 4619 1320 4680 Dalm.
1336 4624 1365 4680 ct
1380 4618 1477 4682 Oroat.
1496 4619 1549 4681 lib.
1566 4619 1607 4699 11,
