3480 5284
356 391 398 450 48

353 597 409 658 aut
430 590 535 658 officie
550 592 657 674 lingue
672 591 797 672 priuato
812 609 874 658 non
891 595 996 672 queat,
1020 590 1104 672 quod
1125 591 1221 672 cupit,
1246 590 1369 657 testari.
1393 588 1600 672 Quamquam

357 715 415 778 ego
437 696 594 762 Deuseto¹
618 697 760 779 pecetrix
775 714 852 760 seno
867 703 974 762 mente
999 695 1187 778 integroque
1202 695 1332 762 consilio
1355 695 1480 762 cortule
1495 699 1599 762 teste-

355 802 454 866 menti
477 801 614 867 scribere
636 801 830 883 rogenimus.
856 799 938 867 Uolo
953 819 1089 884 nomque
1111 806 1144 868 et
1165 800 1270 879 iubeo,
1293 807 1330 866 ut
1352 806 1451 878 ortus,
1475 802 1531 882 qui
1547 803 1601 866 est

355 905 443 970 iuxta
465 906 707 989 monasterium,
736 924 788 971 cos
816 907 878 971 emi
901 925 938 972 ex
961 924 1030 972 meo
1062 907 1190 987 proprio
1220 906 1343 988 precio,
1372 903 1428 970 fiet
1450 906 1482 970 in
1507 911 1601 988 pote-

356 1017 440 1076 state
463 1011 563 1076 sancti
586 1009 771 1093 Chrisogoni
795 1009 931 1076 martiris
954 1029 1011 1092 pro
1042 1010 1243 1076 redemcione
1266 1010 1369 1077 anime
1389 1029 1460 1077 mee
1488 1027 1527 1074 ac
1559 1008 1601 1075 de

356 1115 454 1179 functi
477 1115 535 1180 riri
558 1116 629 1200 mei,
653 1122 689 1179 ut
708 1117 777 1197 ipse
800 1115 898 1180 obbas
920 1115 1063 1194 vitales,
1098 1116 1131 1180 in
1155 1117 1243 1182 cuius
1266 1133 1379 1180 manus
1400 1119 1507 1179 ortum
1531 1117 1600 1178 tra·

356 1220 505 1300 didimus
527 1239 596 1286 cum
613 1240 671 1286 sue
686 1220 934 1304 congregacione
957 1226 1048 1286 orent
1064 1221 1270 1302 omnipotenti
1287 1220 1348 1286 deo
1364 1238 1423 1302 pro
1441 1218 1600 1302 ,redemp-

290 1355 292 1360 ’
357 1327 446 1391 cione
479 1327 581 1390 enime
616 1332 734 1391 nostre.
779 1325 975 1406 Quicumque
1011 1344 1087 1392 uero
1121 1331 1230 1391 nostre
1264 1325 1445 1391 dimissione
1481 1329 1601 1389 contre

356 1431 403 1495 ire
438 1430 592 1507 noluerit,
627 1429 742 1507 iratum
776 1431 872 1494 abeat
903 1431 1020 1494 trinum
1055 1436 1088 1496 et
1116 1449 1212 1496 unum
1247 1430 1352 1514 deum}
1374 1432 1408 1496 et
1440 1428 1599 1493 meledic-

359 1537 449 1601 cione
472 1555 491 1598 a
518 1534 644 1600 tricenti
671 1533 780 1600 decern
807 1540 841 1599 et
867 1540 938 1599 octo
967 1536 1067 1600 sancti
1098 1539 1216 1616 patres,
1246 1539 1280 1601 et
1308 1535 1340 1599 in
1372 1533 1493 1599 inferno
1527 1551 1601 1596 oum

357 1639 482 1706 diabolo
506 1645 540 1705 et
566 1637 669 1720 angeli
700 1639 768 1703 eius
784 1657 821 1704 oo
844 1638 944 1704 Judns
958 1638 1144 1706 Scariothen
1167 1643 1358 1706 muneretur.
1384 1637 1495 1702 Actum
1514 1643 1599 1702 tem-

356 1762 442 1825 pore,
467 1743 518 1809 die
542 1749 575 1808 et
596 1743 665 1810 loco
697 1761 735 1808 no
765 1742 951 1809 consulibis²
981 1750 1017 1808 ut
1047 1744 1289 1825 supradictum
1319 1750 1377 1808 est.
1412 1743 1456 1808 Iis
1487 1741 1600 1823 palam

354 1850 504 1915 testibus:
529 1845 659 1932 Signum
676 1849 722 1930 (†)
735 1865 847 1912 monus
870 1847 1015 1913 tribunus
1036 1847 1153 1912 Paulus
1176 1849 1277 1914 testis.
1302 1847 1405 1912 Maius
1422 1847 1599 1912 eomerzuri

354 1953 475 2018 testis.³
497 1952 611 2018 Petrus
635 1952 734 2017 lenite
754 1953 859 2018 testis.
883 1951 1040 2017 Martinus
1062 1953 1163 2018 lenite
1183 1953 1282 2018 testis.
1304 1952 1467 2017 Johennes
1489 1951 1597 2018 testis

398 2057 469 2140 Ego
493 2055 641 2122 Grisene⁴
665 2056 816 2122 diaconus
838 2062 967 2140 rogetus
991 2057 1119 2140 scripsit
1142 2065 1175 2122 et
1196 2057 1360 2140 compleui.
1384 2054 1494 2121 Amen.

441 2162 613 2224 Membrana
628 2181 706 2224 suec.
723 2163 764 2222 XI
780 2165 822 2224 lit.
840 2164 957 2239 longob.
975 2165 1003 2222 in
1019 2163 1139 2224 archivo
1155 2183 1180 2226 o.
1197 2184 1221 2224 r.
1243 2166 1360 2225 locumt.
1378 2164 1489 2224 consilii
1504 2162 1597 2224 Jsde-

398 2269 465 2311 roo:
480 2250 556 2310 dcto
571 2269 594 2310 s.
611 2249 806 2326 Chrysogoni.
823 2267 903 2326 cape.
920 2251 943 2326 1,
960 2269 1057 2310 messe
1071 2251 1105 2311 B.
1123 2270 1166 2313 nr.
1182 2254 1211 2311 3.

440 2338 551 2398 Farioti
568 2339 602 2416 V,
620 2339 660 2398 43
677 2341 881 2412 argumentum
896 2339 954 2396 aeti
969 2341 1081 2396 tantum
1092 2337 1224 2412 sdduoit.
1241 2339 1313 2398 (ted.
1331 2338 1402 2414 dipl.
1418 2339 1444 2417 l,
1463 2339 1535 2397 114.

441 2425 550 2485 Charta
569 2429 707 2500 suspecto
729 2442 765 2484 ex
781 2425 983 2501 inscriptione:
1004 2426 1233 2500 „imperantibus
1249 2425 1385 2502 piissimis
1397 2429 1427 2484 et
1441 2425 1596 2500 perpetuis

398 2511 530 2588 augustis
553 2511 742 2572 Constantino
764 2510 1022 2594 imperatoribns“‚
1049 2513 1102 2572 ubi
1124 2530 1229 2572 nomen
1252 2513 1375 2572 alterum
1398 2511 1594 2571 desideratur.

398 2600 432 2658 ld
449 2616 519 2660 vero
534 2615 664 2659 annuere
680 2599 811 2677 uidetur,
828 2599 980 2658 librarium
995 2616 1068 2674 prae
1083 2600 1217 2660 menibus
1233 2598 1370 2659 habuisse
1385 2601 1594 2658 testamentum

398 2685 536 2746 Andreae
553 2686 658 2762 prioris
673 2685 728 2764 (nr.
748 2685 800 2762 17)
816 2690 846 2746 et
861 2686 1023 2764 „certulam
1046 2686 1228 2746 traditionie“
1247 2687 1317 2746 Maii
1332 2685 1438 2762 prioris
1454 2685 1512 2764 (nr.
1531 2685 1594 2762 17),

399 2791 522 2850 quorum
538 2778 669 2832 actorum
684 2772 765 2848 prius
780 2773 809 2831 in
821 2773 940 2832 exordio
961 2774 1048 2832 etiem
1070 2773 1198 2833 imitatus
1210 2779 1264 2852 est,
1287 2789 1452 2848 nomenque
1466 2772 1593 2848 impera·

396 2861 469 2920 toris
488 2855 624 2936 „Basilis
643 2862 729 2936 lapsu
744 2859 821 2919 oculi
836 2860 1006 2920 ommisiese.

394 2964 402 2995 ¹
419 2960 547 3043 Forsitan
565 2959 625 3013 loco
645 2957 790 3028 „Dusete“.
809 2959 860 3012 Die
878 2959 995 3029 Bildung
1013 2960 1062 3014 der
1080 2960 1145 3016 slav.
1165 2961 1408 3016 Personennnmen.
1427 2976 1468 3014 nr.
1491 2961 1548 3014 124.
1567 2976 1593 3028 p.

358 3053 398 3103 14.
471 3045 656 3116 ’eosuijibos
735 3047 745 3076 ³
762 3046 846 3100 Hicce
865 3047 892 3099 in
911 3045 998 3106 medio
1016 3063 1113 3116 magna
1131 3064 1205 3116 crux,
1225 3063 1279 3116 que
1296 3048 1405 3103 nomine
1423 3047 1536 3102 testium
1555 3047 1594 3100 bi·

357 3137 414 3191 srie
434 3133 599 3190 dividuntur.
672 3133 826 3188 ‘Kriduns
846 3134 982 3190 Miklotio.
1001 3151 1045 3203 op.
1064 3135 1108 3190 cit.
1128 3153 1168 3190 nr.
1190 3139 1246 3191 179.

929 3415 1017 3487 39.

353 3521 377 3584 1.
391 3523 448 3582 loto.
462 3520 556 3582 ieiuno.

354 3675 457 3741 Breve
481 3678 814 3764 „commrrwrocionis“
840 3677 878 3741 de
900 3679 980 3741 dono
997 3678 1193 3761 piscatorum
1215 3675 1438 3740 tudertinorum
1453 3697 1593 3744 concesso

742 3784 930 3847 monaste-rto
951 3803 976 3846 e.
1004 3781 1204 3865 Chrysoponi.

962 3928 988 3985 1.

398 4042 489 4109 Anno
513 4044 668 4109 dominice
693 4045 918 4111 incarnacionis
940 4043 1106 4109 millesimo
1130 4045 1156 4109 L
1178 4046 1295 4123 sexto,¹
1318 4063 1376 4126 per
1390 4043 1594 4112 indictionem

353 4165 476 4212 nonum.
512 4148 682 4230 Regnente
713 4147 838 4214 domino
861 4148 1032 4222 Theodoro
1052 4147 1192 4230 gloriose
1212 4148 1424 4230 imperatrice,
1447 4155 1594 4232 tempore

353 4251 489 4318 Grubise
512 4253 636 4334 prioris.
659 4252 802 4320 Andreas
817 4253 1006 4319 uenerabilis
1020 4253 1196 4320 inderensis
1213 4253 1380 4336 episcopus
1396 4271 1468 4319 oum
1484 4256 1593 4319 anxius

354 4363 503 4436 quereret
526 4357 612 4423 beati
635 4357 853 4440 Cth)risogoni
875 4359 1013 4423 mentiris
1036 4377 1169 4440 corpus,
1202 4359 1286 4440 quod
1308 4359 1487 4426 misericors
1516 4359 1594 4426 deus

358 4459 399 4525 ed
423 4460 590 4526 tuicionem
615 4461 834 4527 Jederensinm
863 4462 937 4528 oiim
960 4468 1169 4540 concesserat,
1201 4464 1329 4529 tandem
1352 4463 1384 4527 in
1406 4463 1542 4529 ecclesie
1562 4467 1593 4528 et

358 4563 417 4630 sub
440 4564 541 4630 altere
563 4565 662 4647 ipsios
685 4567 822 4632 martiris
845 4566 925 4630 illud
947 4567 1077 4632 inuenit.
1113 4563 1155 4632 At
1185 4585 1254 4632 cum
1277 4567 1420 4633 audisset
1442 4567 1588 4650 populus,

356 4667 441 4748 quod
463 4667 549 4736 beati
580 4670 718 4736 martiris
748 4687 863 4753 corpus
893 4677 980 4738 esset
1007 4669 1186 4738 inuentum:
1217 4678 1421 4740 cucurrerunt
1450 4671 1493 4740 od
1522 4689 1591 4738 eum
