3602 5304
330 384 393 448 250

925 592 978 653 42.

328 673 352 734 l.
366 674 412 734 ta.

328 780 464 870 Slaomi,
487 783 667 848 Aoarooam
690 783 823 869 chepano·
844 787 878 849 in
901 783 1067 850 Pannonia
1088 786 1214 872 eredita,
1242 784 1492 856 Ίίισοοαῑοηὶοακη
1514 809 1567 874 ap-

844 891 1042 974 predicatur.

371 1003 934 1099 Λίγεταιπερίτινοςπροίγματοςήξιω·
1006 1011 1145 1079 Avarum
1168 1017 1245 1079 tunc
1267 1013 1418 1094 lamporis
1440 1012 1503 1079 dur
1517 1014 1563 1080 le·

327 1109 408 1174 κέναι
437 1121 498 1176 τῶν
525 1122 690 1184 σηνικᾶυσα
718 1123 780 1178 τῶν
802 1107 933 1202 Ἀθίιρων
962 1121 1065 1198 gatos
1088 1121 1126 1182 ut
1147 1135 1214 1184 rem
1236 1119 1415 1200 quampiam
1431 1122 1565 1200 peteret,

329 1213 489 1302 ἡγούμενον
518 1217 678 1280 στείλαντα
707 1219 835 1304 πρεσβεις
865 1218 934 1306 πρὸς
963 1220 1004 1286 ad
1027 1221 1098 1302 piae
1127 1223 1314 1299 memoriae,
1346 1220 1401 1302 qui
1429 1226 1463 1288 ei
1492 1224 1566 1286 tunc

329 1317 382 1382 σὰν
411 1328 465 1392 τῆς
498 1321 630 1402 εὐσεβοῦς
658 1321 784 1406 λήξεως,
815 1325 864 1386 καὶ
894 1344 935 1385 πα
965 1325 1178 1389 Romanorum
1208 1321 1332 1406 imperii
1362 1329 1490 1406 sceptra
1517 1329 1565 1390 te-

328 1431 464 1509 σκῆπτρα
486 1433 541 1497 τῆς
552 1423 703 1512 Ῥωμαίων
726 1427 817 1513 ἀρχῆς
838 1425 929 1489 κατέ·
959 1427 1260 1512 nebat‚Mauritium
1273 1428 1396 1494 misisse
1407 1433 1563 1493 narratur.

327 1545 424 1612 χοντα
446 1525 518 1590 τότε
529 1523 697 1614 Μαορίκιον.
720 1526 777 1602 Ὡς
792 1519 825 1592 δὲ
842 1529 929 1599 ίνοτό-
960 1528 1040 1595 Cum
1064 1535 1172 1597 autem
1187 1551 1206 1596 a
1221 1531 1382 1612 postulato
1401 1538 1458 1597 suo
1474 1531 1565 1596 aber-

327 1650 407 1714 χητο
419 1629 633 1706 τηςαίτίσεως,
646 1634 718 1718 <ipsa
728 1631 931 1719 ἀκατασχέτῳ
962 1639 1074 1712 rossel,
1090 1635 1138 1699 ira
1149 1632 1280 1700 effraeni
1292 1631 1448 1713 incensus,
1462 1634 1564 1714 eique,

328 1733 467 1819 ρλεχθεὶς
482 1735 591 1815 καὶτῷ
606 1733 824 1820 παρακούσαντι
839 1725 930 1820 μηδὲν
960 1738 1012 1817 qui
1037 1755 1108 1802 eum
1132 1737 1281 1802 exaudire
1304 1737 1460 1816 noluerat,
1483 1735 1562 1802 nihil

326 1843 445 1905 ποιῆσαι
458 1826 618 1923 δυνάμεως,
633 1823 872 1923 τρόπον’ὲπνοεῖ,
895 1828 929 1902 δι’
959 1839 1065 1904 faeere
1081 1839 1199 1918 valens,
1219 1839 1347 1905 modum
1362 1839 1561 1922 excogitavit,

328 1930 362 2002 οὗ
389 1935 521 2026 μάλιστα
548 1942 634 2022 αὐτῷ
660 1931 796 2028 ὀδυνᾶσαι
817 1941 858 2004 τοὶ
880 1940 932 2029 ρέ-
962 1928 1024 2024 (puc
1047 1943 1233 2026 praecipue,
1269 1949 1305 2009 ut
1326 1944 1461 2008 maximo
1492 1961 1565 2008 eum

327 2062 416 2128 γτοπα
438 2041 634 2127 ὑπετόπαζεν,
657 2043 727 2130 ὅπερ
744 2037 780 2114 ἦν
801 2047 852 2107 καὶ
873 2068 932 2108 πα·
964 2045 1074 2113 dolore
1096 2045 1246 2125 alliceret,
1269 2046 1409 2111 futurum
1426 2045 1565 2128 suspica-

326 2143 465 2218 νίιληθες·
489 2145 639 2219 σκοπήσας
670 2146 726 2233 γσὶρ
753 2157 792 2220 ῶς
814 2145 932 2221 ἁπάσης
961 2147 1073 2230 baiur;
1103 2150 1188 2231 quod
1212 2153 1245 2215 et
1268 2154 1337 2216 erat
1360 2149 1564 2215 verissimum.

327 2247 442 2322 πόλεως
468 2248 549 2324 κατὰ
577 2269 612 2312 τε
635 2247 771 2335 Θράκην,
803 2251 853 2314 καί
874 2259 934 2314 πᾶν
964 2251 1044 2317 Cum
1060 2252 1153 2332 enim,
1177 2252 1320 2319 omnibus
1335 2257 1370 2318 et
1383 2251 1415 2316 in
1432 2251 1567 2316 Thracia

327 2349 364 2414 τὰ
394 2347 560 2437 Ἰλλυρικὸν,
590 2355 610 2421 ἡ
640 2349 847 2438 θεοφύλακτος
868 2361 929 2416 τῶν
958 2355 1164 2438 etinIliyrico
1181 2354 1359 2420 civilatibus
1375 2353 1564 2421 custoditam

326 2451 581 2516 Θεσσαλονικαίων
607 2454 785 2542 μητρόπολις
806 2455 932 2543 ὺπερβα-
962 2476 983 2522 a
1004 2457 1064 2524 deo
1089 2456 1420 2524 Thessalonicensium
1449 2463 1564 2524 metro-

327 2555 439 2629 λόνσως
460 2556 594 2644 ὑπερέχει
612 2555 734 2639 πλσίκσῳ
749 2579 785 2622 τε
799 2559 931 2640 ποικίλῳ,
962 2559 1059 2642 polim
1089 2567 1123 2627 et
1152 2559 1270 2627 divitiis
1301 2561 1435 2640 diversis
1458 2567 1492 2626 ot
1514 2578 1565 2625 ao-

327 2660 377 2722 καὶ
406 2659 569 2745 ἀνθρώποις
600 2659 753 2734 εὐθεάτοις
781 2663 831 2725 καὶ
853 2685 933 2725 συνε-
963 2663 1095 2731 lortibus
1110 2663 1410 2746 perspicacibusque
1425 2682 1463 2730 ao
1481 2661 1563 2729 chri·

327 2773 409 2837 ποῖς,
446 2764 496 2826 καθ
532 2763 838 2850 χριστιακκοσάτοις,
882 2767 932 2828 καὶ
963 2766 1163 2833 alienissimis
1185 2767 1364 2834 hominibus
1380 2785 1478 2850 supra
1499 2784 1565 2833 mo-

328 2868 430 2940 ατλῶς
463 2871 550 2930 εἰπεῖν
582 2867 666 2954 γνοὺς
699 2872 737 2942 ὡς
770 2869 799 2930 ἐν
828 2859 933 2955 nepita
963 2869 1038 2935 dum
1067 2871 1222 2954 eminere,
1257 2875 1370 2953 atqua,
1403 2877 1441 2936 ut
1468 2870 1566 2937 verbo

328 2967 469 3051 βασιλέως
490 2979 585 3033 κεῖσαι
612 2971 855 3058 ἠπρολεχθεῖσα
876 2994 934 3059 μη·
964 2972 1083 3053 dicam,
1122 2972 1317 3055 praedictam
1353 2973 1564 3056 metropolim,

327 3072 461 3159 πρόπολις
472 3064 520 3137 διά
530 3073 568 3137 τὰ
579 3071 705 3160 λάμπειν
718 3050 933 3162 ἁπανταχόθεν
964 3076 1050 3158 quod
1079 3074 1308 3158 praerogativis
1337 3076 1404 3142 suis
1427 3093 1565 3157 quaqua-

327 3187 386 3249 τοῖς
418 3175 632 3264 προτερήμασι,
666 3179 715 3240 καὶ
745 3176 792 3240 ὅτι
820 3176 934 3252 ταύτης
963 3197 1089 3245 versum
1133 3179 1337 3262 splenderet,
1383 3179 1566 3261 imperatori

328 3289 388 3342 τῶν
425 3269 655 3365 ἀπροσδοκήτων
698 3303 729 3344 τι
770 3281 933 3365 παθούσης,
966 3282 1052 3350 cordi
1075 3301 1156 3362 esse,
1179 3283 1311 3364 ipsaque
1333 3283 1565 3364 inexpectatum

327 3384 384 3468 οὐχ
405 3374 499 3452 ’ίςττον
526 3391 581 3457 τῆς
601 3392 662 3446 τῶν
685 3382 796 3448 τέκνων
819 3395 932 3472 σφαγῆς
963 3385 1039 3467 quid
1061 3385 1219 3468 patiente,
1250 3403 1313 3451 11011
1343 3385 1447 3450 minus
1470 3403 1565 3466 quam

329 3475 454 3556 ὀδυνίοη
489 3485 542 3549 τὰν
575 3485 612 3548 τὸ
643 3483 800 3572 Ρωραῖκὸν
828 3485 935 3574 κράτος
965 3487 1004 3554 de
1027 3485 1163 3554 filiorum
1194 3489 1308 3567 caede,
1340 3487 1394 3569 qui
1424 3489 1566 3554 Romana

328 3585 551 3675 εναστεμρένον,
573 3591 660 3653 καλεῖ
671 3589 740 3676 πρὸς
755 3589 860 3653 ἑαυτὸν
875 3591 931 3660 τὴν
963 3591 1108 3672 potentia
1122 3591 1289 3658 redimitus
1305 3595 1383 3670 erat,
1408 3608 1480 3657 esse
1495 3609 1566 3656 oru-

329 3691 450 3754 ἄπασαν
476 3701 537 3756 τῶν
559 3690 739 3775 Σκλαβικῶν
766 3694 934 3780 θρησκείαν,
964 3694 1126 3775 piandum,
1158 3695 1374 3777 observasset,
1406 3691 1566 3761 Selavino-

329 3796 379 3858 καὶ
401 3786 532 3882 θηριώδη
564 3795 674 3883 polio,
705 3795 856 3860 ὑπέκειντο
878 3796 934 3884 γὰρ
964 3817 1034 3863 rum
1056 3803 1175 3864 sectam
1197 3815 1319 3863 omnem
1337 3798 1567 3878 immanemque

329 3901 413 3980 αὐτῷ
434 3899 471 3962 τὸ
494 3901 579 3973 ἔθνος
596 3901 685 3980 ἅπαν,
709 3902 759 3963 καὶ
780 3901 934 3987 προσμίξας
964 3907 1109 3982 gentem,
1134 3901 1220 3966 natio
1244 3899 1328 3966 eninr
1357 3904 1426 3967 tola
1456 3901 1486 3966 ei
1514 3919 1566 3968 su·

328 4003 487 4077 αὐτοῖςκαὶ
500 4007 665 4090 ἀλλογενείς
680 4027 760 4078 τινας
776 3997 933 4091 βαρῦάρους
963 4005 1070 4083 berat,
1106 4005 1148 4070 ad
1182 4025 1217 4071 se
1250 4006 1402 4083 arcessit,
1438 4005 1565 4086 illisque
1613 4075 1618 4082 ,

327 4117 503 4194 στρατεῦσαι
532 4107 647 4181 πάντας
677 4106 760 4172 κατὰ
786 4118 841 4182 τῆς
862 4109 933 4171 θεο-
964 4109 1098 4174 aliarum
1130 4108 1227 4174 eliam
1249 4110 1390 4190 gentium
1413 4109 1566 4175 barbaros

327 4211 487 4299 ρρουρήτοο
509 4210 726 4285 Θεσσαλονίκης
756 4209 932 4299 παρεκελεύ·
962 4211 1157 4293 immiscens,
1190 4231 1299 4278 omnes
1329 4211 1482 4277 adversim
1513 4229 1565 4276 cu-

328 4337 414 4380 σατο.
448 4311 597 4402 Μέγιστος
619 4319 705 4388 οὑτος
727 4315 853 4402 στρατὸς
874 4324 935 4378 τῶν
965 4313 1115 4380 stoditam
1150 4334 1170 4381 a
1209 4316 1268 4382 rico
1306 4315 1565 4382 Thessalonicam

329 4418 411 4482 κατσὶ
433 4417 501 4491 τοὺς
523 4417 679 4506 ἡμετέρους
693 4418 809 4504 γρίνους
832 4419 932 4504 ὤφθη,
957 4421 1053 4483 'amna
1076 4419 1218 4500 arripere
1240 4418 1378 4485 iubebat.
1413 4418 1488 4500 Hic,
1520 4419 1566 4483 di·

331 4523 492 4610 άγαπητοὶ·
519 4527 545 4584 οἱ
574 4519 626 4608 μὲν
653 4521 709 4608 γοὶρ
735 4521 842 4594 αὐτοὺς
864 4521 934 4607 ὑπὲρ
963 4523 1053 4602 lecti,
1085 4539 1193 4588 eomm
1223 4524 1277 4603 qui
1305 4521 1421 4589 nostris
1444 4529 1565 4602 tempo·

330 4626 385 4702 τάς
406 4627 514 4692 ἑκατὸν
536 4617 670 4715 χιλιάδας
692 4624 816 4700 ὁπλίτας
831 4616 934 4712 ἄνδρας
963 4627 1051 4693 ribus
1067 4627 1210 4708 extitere,
1233 4615 1387 4693 maximus
1402 4625 1463 4696 fuit
1478 4643 1567 4694 exer·
