3520 5422
1350 399 1399 478 ,ee

163 602 207 667 sit
228 619 249 666 e
270 601 330 668 deo
354 560 614 683 omnipotentffi
635 600 731 669 beato
747 599 869 670 Thema
884 601 1037 684 apostolo,
1060 601 1101 668 ab
1123 602 1268 670 omnibus
1283 602 1403 668 sanctis

166 705 237 786 dei,
268 711 301 771 et
330 723 401 771 curn
430 705 516 771 luda
545 707 705 788 particeps
736 703 792 771 fiet
822 705 856 771 in
883 710 1027 770 eternum
1056 704 1244 773 incendium.
1278 703 1324 771 m
1344 704 1405 771 hec

165 815 279 877 contre
299 809 350 876 his
373 810 489 877 donum
520 809 596 875 milri
619 811 775 877 concessit
796 809 949 892 optimum
971 829 1097 892 equum.
1132 809 1202 876 Hee
1223 809 1309 876 lacte
1329 815 1403 876 sunt
1425 886 1428 892 ,

163 933 271 982 coram
293 913 344 984 his
356 915 509 982 testibus:
532 915 682 998 episcopo
699 914 927 999 (belgradensi)
944 913 1132 992 Theodosio,
1149 915 1256 999 Drego
1272 913 1405 1000 priore,⁸

163 1020 314 1086 Rninerio
338 1019 502 1085 chroatino
526 1019 684 1102 episcopo,
707 1018 846 1102 Goioone
867 1019 949 1085 bano
972 1026 1005 1086 et
1022 1018 1075 1102 alij
1098 1019 1214 1102 plures.

252 1126 421 1204 Registrum
435 1127 557 1188 membr.
574 1127 643 1186 olim
659 1127 866 1186 monasteriis.
883 1127 1005 1187 loannis
1019 1125 1176 1204 Belgradi:
1193 1125 1358 1187 Policorion
1374 1143 1404 1203 p.

208 1215 260 1294 22,
278 1215 318 1275 23
334 1231 412 1274 nnnc
427 1214 457 1273 in
473 1213 594 1274 archivo
610 1231 635 1272 c.
651 1231 676 1272 r.
692 1214 748 1274 loe.
766 1213 878 1273 consilii
893 1213 1030 1274 Jaderae.

251 1301 364 1362 Farlati
379 1301 432 1380 lv,
449 1302 478 1362 4.
495 1299 568 1361 Ood.
585 1301 656 1377 dipl.
674 1299 756 1363 cst).
772 1300 797 1378 1,
816 1302 887 1360 135.

251 1388 360 1448 Actum
374 1387 431 1449 hoc
446 1405 500 1448 sna
514 1386 610 1448 t'orme
624 1388 662 1449 ab
687 1387 863 1448 authenticis
878 1387 983 1448 litteris
997 1386 1078 1464 regis
1092 1386 1240 1448 Oreaimiri
1255 1386 1331 1448 edeo
1346 1386 1404 1448 die-

210 1479 324 1554 crepet,
339 1474 511 1550 mendisque
526 1479 680 1551 tantopere
695 1473 834 1534 refertum
850 1480 904 1550 eet,
920 1473 1028 1535 ntfidei
1041 1473 1148 1534 dobiae
1161 1475 1245 1535 nobis
1257 1474 1404 1536 rideatur.

207 1562 396 1624 Theodosius
411 1562 599 1640 belgrademi
615 1562 758 1623 ecelesiae
774 1580 801 1621 a.
821 1562 903 1622 1059
918 1559 1046 1639 praefuit
1061 1561 1102 1640 (v.
1118 1579 1163 1622 nr.
1180 1562 1244 1640 40),
1272 1561 1403 1622 Reinerii

208 1650 398 1727 episcopatus
421 1649 604 1710 chroatenais
626 1649 751 1726 primum
774 1649 813 1709 ab
836 1666 864 1708 e.
891 1650 973 1708 1066
994 1648 1051 1726 (nr.
1069 1646 1122 1726 51)
1146 1653 1244 1710 certus
1259 1653 1320 1722 eet,
1346 1648 1403 1708 boc

207 1753 281 1797 vero
296 1741 430 1812 ternpore
444 1736 546 1796 Debre
560 1735 702 1812 Belgradi
716 1735 873 1812 episcopua
888 1733 985 1814 (ibid.)
1000 1733 1164 1795 adducitm.

206 1835 387 1891 'Chreeimin
466 1837 531 1892 2et.
619 1835 880 1905 ⁸subintelligitur,
908 1840 939 1890 ut
955 1841 1037 1904 puto,
1065 1833 1283 1904 „belgradenai“;
1309 1841 1405 1904 estque

162 1922 280 1980 forsitan
296 1921 367 1979 idem
385 1923 433 1992 qui
451 1929 479 1979 et
496 1921 695 1994 mago-eleum
713 1926 766 1993 (ιιι.
781 1925 836 1993 40).

741 2221 832 2294 49.

163 2326 227 2389 oue
242 2345 262 2388 a
277 2327 335 2389 roo.

211 2445 327 2513 Petrus
351 2428 450 2524 (ime,
482 2445 566 2512 filins
589 2446 734 2530 Gumaji,
764 2445 913 2515 aedificat
934 2445 1101 2514 ecclesiam
1122 2466 1147 2514 s.
1169 2447 1258 2513 Petri
1279 2447 1311 2512 in
1333 2446 1419 2536 loce!

167 2549 286 2635 „Selo“
311 2551 354 2617 ad
377 2549 535 2637 Selonam,
560 2555 594 2616 et
614 2552 648 2617 in
670 2552 722 2620 die
745 2552 988 2620 consecrationis
1011 2551 1162 2634 eiusdem,
1189 2557 1226 2618 12
1248 2551 1404 2634 Octobris,

163 2655 210 2722 ab
239 2653 474 2738 archiepiscopo
504 2657 676 2738 spalatensi
705 2655 878 2724 Laurentio
907 2657 1103 2737 admonitus,
1134 2653 1304 2724 sufficienti
1331 2657 1405 2723 dote

164 2760 200 2826 in
222 2759 413 2827 utensilibus
435 2765 470 2827 et
491 2760 586 2826 terris
607 2761 745 2827 instruit.

255 2866 330 2928 Vide
344 2886 390 2928 nr.
409 2871 480 2928 111.

254 2955 301 3014 Er
315 2955 382 3033 ipse
397 2955 477 3016 Petri
493 2955 675 3032 expositione
690 2959 806 3034 tempus
821 2955 984 3018 deducitur.

742 3249 832 3323 50.

161 3356 224 3418 lnro
238 3354 296 3417 roe.

162 3491 309 3559 Litterae
334 3471 416 3569 dite,
436 3492 522 3576 filice
544 3491 652 3558 Doimi
674 3501 702 3560 et
730 3493 918 3579 meaeque,
950 3493 989 3560 de
1011 3502 1182 3562 constructo
1204 3516 1225 3560 o
1247 3515 1279 3560 se
1300 3515 1405 3561 otono·

417 3600 511 3664 sterio
534 3595 675 3664 Joderue
697 3599 741 3664 ao
762 3599 948 3666 ecclesiolam
970 3619 996 3666 e.
1019 3597 1154 3664 Mariae.

594 3736 816 3806 (Instmmentum
835 3737 981 3806 mancum.)

213 3839 304 3907 Anno
327 3840 557 3907 incarnacionis
581 3842 699 3909 domini
721 3843 821 3909 nostri
843 3841 923 3908 lesu
945 3841 1064 3912 Christi
1086 3845 1250 3912 millesimo
1274 3863 1404 3926 sexage-

163 3945 248 4014 simo
269 3969 313 4012 vr.
349 3943 521 4012 Cresimiro
553 3966 629 4028 rege
659 3953 811 4031 regnante
843 3945 999 4029 Chroecie
1029 3954 1062 4016 et
1091 3949 1253 4032 Stephano
1285 3949 1403 4030 dedere

162 4051 356 4136 presulante
385 4069 423 4117 ae
453 4049 562 4136 Drogo
592 4051 709 4118 ibidem
730 4053 901 4136 priorante.
935 4052 1005 4137 Ego
1029 4052 1139 4120 Cicca¹
1161 4052 1227 4120 filie
1248 4053 1352 4120 Doimi
1375 4060 1408 4121 et

163 4151 515 4239 consumeremus
544 4155 643 4222 Medii
672 4157 801 4239 prioris,
836 4175 915 4223 uror
944 4156 1071 4239 Andree
1102 4156 1159 4224 filii
1186 4159 1293 4241 Peme,
1333 4165 1407 4243 pest

162 4259 424 4328 interfercionem
454 4260 560 4327 mariti
591 4278 660 4326 cum
691 4261 816 4328 duabus
845 4279 1011 4328 remanens
1039 4259 1164 4329 filiabus
1187 4263 1218 4328 in
1238 4263 1405 4343 uiduitate,

112 4441 119 4450 ,
163 4365 319 4432 uidelicet
339 4365 543 4432 Domnanna³
565 4373 599 4432 et
621 4365 804 4450 Uelrenega
829 4365 900 4448 cepi
924 4366 1019 4433 corde
1033 4367 1245 4450 perpendere:
1269 4367 1406 4450 qualiter

162 4470 260 4538 istius
283 4470 403 4551 caduce
425 4471 493 4551 uite
516 4488 580 4536 non
602 4469 770 4552 perderem
798 4469 1016 4538 hereditatem
1039 4476 1072 4537 et
1092 4470 1231 4538 futurem
1253 4491 1316 4539 non
1339 4491 1405 4538 em·

162 4575 325 4644 mitterem
347 4575 593 4657 pepetnitntem3
625 4577 733 4658 sicque
754 4575 849 4641 michi
871 4575 1029 4642 salubrius
1051 4577 1204 4642 estimans
1226 4577 1402 4652 consilium,

162 4685 204 4747 ut
224 4700 285 4764 ego
308 4697 379 4748 curn
400 4680 512 4747 maiori
533 4678 616 4764 filie,
639 4679 761 4748 scilicet
781 4681 988 4760 Domnenna,
1012 4681 1071 4748 deo
1095 4680 1219 4748 dicerer
1238 4681 1401 4761 monacha,
