<?xml version="1.0" encoding="UTF-8"?>
<!DOCTYPE html PUBLIC "-//W3C//DTD XHTML 1.0 Transitional//EN"
    "http://www.w3.org/TR/xhtml1/DTD/xhtml1-transitional.dtd">
<html xmlns="http://www.w3.org/1999/xhtml" xml:lang="en" lang="en">
 <head>
  <title>
</title>
<meta http-equiv="Content-Type" content="text/html;charset=utf-8" />
  <meta name='ocr-system' content='tesseract 3.04.00' />
  <meta name='ocr-capabilities' content='ocr_page ocr_carea ocr_par ocr_line ocrx_word'/>
</head>
<body>
  <div class='ocr_page' id='page_1' title='image "./documentahistor00ragoog_0334.png"; bbox 0 0 3604 5276; ppageno 0'>
   <div class='ocr_carea' id='block_1_1' title="bbox 316 406 434 467">
    <p class='ocr_par' dir='ltr' id='par_1_1' title="bbox 316 406 434 467">
     <span class='ocr_line' id='line_1_1' title="bbox 316 406 434 467; baseline 0 0"><span class='ocrx_word' id='word_1_1' title='bbox 316 406 434 467; x_wconf 80' lang='grc'><strong>’304</strong></span> 
     </span>
    </p>
   </div>
   <div class='ocr_carea' id='block_1_2' title="bbox 374 611 1609 1893">
    <p class='ocr_par' dir='ltr' id='par_1_2' title="bbox 413 611 1609 1033">
     <span class='ocr_line' id='line_1_2' title="bbox 415 611 1608 694; baseline 0.007 -23"><span class='ocrx_word' id='word_1_2' title='bbox 415 611 514 685; x_wconf 80' lang='lat' dir='ltr'><strong>Quare</strong></span> <span class='ocrx_word' id='word_1_3' title='bbox 528 630 556 672; x_wconf 90' lang='lat' dir='ltr'><strong>a.</strong></span> <span class='ocrx_word' id='word_1_4' title='bbox 575 615 636 673; x_wconf 85' lang='grc'><strong>798</strong></span> <span class='ocrx_word' id='word_1_5' title='bbox 652 615 768 689; x_wconf 78' lang='lat' dir='ltr'><strong>legatos</strong></span> <span class='ocrx_word' id='word_1_6' title='bbox 783 631 852 674; x_wconf 87' lang='lat' dir='ltr'><strong>suos</strong></span> <span class='ocrx_word' id='word_1_7' title='bbox 867 614 904 673; x_wconf 88' lang='lat' dir='ltr'><strong>sd</strong></span> <span class='ocrx_word' id='word_1_8' title='bbox 921 614 1060 675; x_wconf 83' lang='lat' dir='ltr'><strong>Carolum</strong></span> <span class='ocrx_word' id='word_1_9' title='bbox 1076 615 1192 693; x_wconf 81' lang='lat' dir='ltr'><strong>direxit,</strong></span> <span class='ocrx_word' id='word_1_10' title='bbox 1208 616 1245 676; x_wconf 91' lang='lat' dir='ltr'><strong>de</strong></span> <span class='ocrx_word' id='word_1_11' title='bbox 1261 635 1320 692; x_wconf 89' lang='lat' dir='ltr'><strong>qna</strong></span> <span class='ocrx_word' id='word_1_12' title='bbox 1336 617 1482 692; x_wconf 73' lang='lat' dir='ltr'><strong>legatione</strong></span> <span class='ocrx_word' id='word_1_13' title='bbox 1498 617 1608 694; x_wconf 77' lang='lat' dir='ltr'><strong>legitur</strong></span> 
     </span>
     <span class='ocr_line' id='line_1_3' title="bbox 413 697 1608 788; baseline 0.005 -30"><span class='ocrx_word' id='word_1_14' title='bbox 413 697 533 776; x_wconf 80' lang='lat' dir='ltr'><strong>(Annal.</strong></span> <span class='ocrx_word' id='word_1_15' title='bbox 550 700 681 758; x_wconf 75' lang='lat' dir='ltr'><strong>hauries.</strong></span> <span class='ocrx_word' id='word_1_16' title='bbox 698 701 785 759; x_wconf 83' lang='lat' dir='ltr'><strong>Perta</strong></span> <span class='ocrx_word' id='word_1_17' title='bbox 801 700 906 776; x_wconf 81' lang='lat' dir='ltr'><strong>Script.</strong></span> <span class='ocrx_word' id='word_1_18' title='bbox 926 702 949 777; x_wconf 87' lang='grc' dir='ltr'><strong>Ι,</strong></span> <span class='ocrx_word' id='word_1_19' title='bbox 970 703 1039 761; x_wconf 85' lang='grc'>184.</span> <span class='ocrx_word' id='word_1_20' title='bbox 1057 701 1198 762; x_wconf 81' lang='lat' dir='ltr'><strong>Einbsrdi</strong></span> <span class='ocrx_word' id='word_1_21' title='bbox 1214 705 1311 764; x_wconf 87' lang='lat' dir='ltr'><strong>annal.</strong></span> <span class='ocrx_word' id='word_1_22' title='bbox 1324 703 1394 765; x_wconf 83' lang='lat' dir='ltr'><strong>ibid.</strong></span> <span class='ocrx_word' id='word_1_23' title='bbox 1411 702 1502 780; x_wconf 62' lang='lat' dir='ltr'><strong>lem:</strong></span> <span class='ocrx_word' id='word_1_24' title='bbox 1524 701 1608 788; x_wconf 82' lang='lat' dir='ltr'><strong>„Rex</strong></span> 
     </span>
     <span class='ocr_line' id='line_1_4' title="bbox 413 782 1607 868; baseline 0.006 -25"><span class='ocrx_word' id='word_1_25' title='bbox 413 782 551 864; x_wconf 87' lang='lat' dir='ltr'><strong>(Ksrlus)</strong></span> <span class='ocrx_word' id='word_1_26' title='bbox 575 785 604 844; x_wconf 92' lang='lat' dir='ltr'><strong>in</strong></span> <span class='ocrx_word' id='word_1_27' title='bbox 626 785 781 846; x_wconf 82' lang='lat' dir='ltr'><strong>Franciam</strong></span> <span class='ocrx_word' id='word_1_28' title='bbox 810 784 860 866; x_wconf 89' lang='lat' dir='ltr'><strong>(ex</strong></span> <span class='ocrx_word' id='word_1_29' title='bbox 884 785 1030 848; x_wconf 74' lang='lat' dir='ltr'><strong>Senoniae</strong></span> <span class='ocrx_word' id='word_1_30' title='bbox 1053 792 1138 863; x_wconf 84' lang='lat' dir='ltr'><strong>perte</strong></span> <span class='ocrx_word' id='word_1_31' title='bbox 1162 789 1237 848; x_wconf 89' lang='lat' dir='ltr'><strong>inter</strong></span> <span class='ocrx_word' id='word_1_32' title='bbox 1258 789 1376 848; x_wconf 83' lang='lat' dir='ltr'><strong>Albiam</strong></span> <span class='ocrx_word' id='word_1_33' title='bbox 1392 808 1428 850; x_wconf 84' lang='lat' dir='ltr'><strong>se</strong></span> <span class='ocrx_word' id='word_1_34' title='bbox 1444 788 1607 868; x_wconf 82' lang='lat' dir='ltr'><strong>Wisnrsnr)</strong></span> 
     </span>
     <span class='ocr_line' id='line_1_5' title="bbox 413 871 1609 952; baseline 0.008 -24"><span class='ocrx_word' id='word_1_35' title='bbox 413 887 577 951; x_wconf 74' lang='lat' dir='ltr'>regressus,</span> <span class='ocrx_word' id='word_1_36' title='bbox 595 888 659 930; x_wconf 93' lang='lat' dir='ltr'><strong>cum</strong></span> <span class='ocrx_word' id='word_1_37' title='bbox 674 871 862 947; x_wconf 82' lang='lat' dir='ltr'><strong>Aquesgraui</strong></span> <span class='ocrx_word' id='word_1_38' title='bbox 879 874 1023 952; x_wconf 83' lang='lat' dir='ltr'><strong>venisset,</strong></span> <span class='ocrx_word' id='word_1_39' title='bbox 1048 875 1143 949; x_wconf 84' lang='lat' dir='ltr'><strong>primo</strong></span> <span class='ocrx_word' id='word_1_40' title='bbox 1158 875 1274 950; x_wconf 82' lang='lat' dir='ltr'><strong>legatos</strong></span> <span class='ocrx_word' id='word_1_41' title='bbox 1288 875 1425 936; x_wconf 84' lang='lat' dir='ltr'><strong>Herenae</strong></span> <span class='ocrx_word' id='word_1_42' title='bbox 1440 877 1609 952; x_wconf 81' lang='lat' dir='ltr'><strong>imperatri-</strong></span> 
     </span>
     <span class='ocr_line' id='line_1_6' title="bbox 414 956 1604 1033; baseline 0.005 -17"><span class='ocrx_word' id='word_1_43' title='bbox 414 957 456 1016; x_wconf 88' lang='lat' dir='ltr'><strong>cis</strong></span> <span class='ocrx_word' id='word_1_44' title='bbox 471 957 509 1016; x_wconf 85' lang='lat' dir='ltr'><strong>ed</strong></span> <span class='ocrx_word' id='word_1_45' title='bbox 525 974 558 1016; x_wconf 92' lang='lat' dir='ltr'><strong>se</strong></span> <span class='ocrx_word' id='word_1_46' title='bbox 574 956 611 1017; x_wconf 91' lang='lat' dir='ltr'><strong>de</strong></span> <span class='ocrx_word' id='word_1_47' title='bbox 627 956 880 1033; x_wconf 75' lang='lat' dir='ltr'><strong>Constantinopoli</strong></span> <span class='ocrx_word' id='word_1_48' title='bbox 906 960 1010 1018; x_wconf 86' lang='lat' dir='ltr'><strong>missos</strong></span> <span class='ocrx_word' id='word_1_49' title='bbox 1032 960 1145 1018; x_wconf 87' lang='lat' dir='ltr'><strong>audivit</strong></span> <span class='ocrx_word' id='word_1_50' title='bbox 1161 993 1204 1004; x_wconf 89' lang='lat'><em>-</em></span> <span class='ocrx_word' id='word_1_51' title='bbox 1218 977 1285 1020; x_wconf 87' lang='lat' dir='ltr'><strong>nam</strong></span> <span class='ocrx_word' id='word_1_52' title='bbox 1302 959 1510 1022; x_wconf 80' lang='lat' dir='ltr'><strong>Constantinus</strong></span> <span class='ocrx_word' id='word_1_53' title='bbox 1528 961 1604 1022; x_wconf 90' lang='lat' dir='ltr'><strong>lilius</strong></span> 
     </span>
    </p>

    <p class='ocr_par' dir='ltr' id='par_1_3' title="bbox 374 1043 1608 1893">
     <span class='ocr_line' id='line_1_7' title="bbox 374 1043 1606 1122; baseline 0.008 -24"><span class='ocrx_word' id='word_1_54' title='bbox 374 1089 378 1098; x_wconf 93' lang='lat'>.</span> <span class='ocrx_word' id='word_1_55' title='bbox 412 1043 475 1102; x_wconf 86' lang='lat' dir='ltr'><strong>eius</strong></span> <span class='ocrx_word' id='word_1_56' title='bbox 491 1047 614 1120; x_wconf 82' lang='lat' dir='ltr'><strong>proptor</strong></span> <span class='ocrx_word' id='word_1_57' title='bbox 628 1061 741 1102; x_wconf 88' lang='lat' dir='ltr'><strong>morum</strong></span> <span class='ocrx_word' id='word_1_58' title='bbox 759 1045 942 1104; x_wconf 78' lang='lat' dir='ltr'><strong>insolentiam</strong></span> <span class='ocrx_word' id='word_1_59' title='bbox 958 1064 976 1105; x_wconf 90' lang='lat' dir='ltr'><strong>a</strong></span> <span class='ocrx_word' id='word_1_60' title='bbox 992 1047 1052 1104; x_wconf 89' lang='lat' dir='ltr'><strong>suis</strong></span> <span class='ocrx_word' id='word_1_61' title='bbox 1067 1045 1297 1122; x_wconf 87' lang='lat' dir='ltr'><strong>comprehensus</strong></span> <span class='ocrx_word' id='word_1_62' title='bbox 1312 1051 1342 1106; x_wconf 86' lang='lat' dir='ltr'><strong>et</strong></span> <span class='ocrx_word' id='word_1_63' title='bbox 1357 1055 1533 1110; x_wconf 73' lang='lat' dir='ltr'><strong>excaecatus</strong></span> <span class='ocrx_word' id='word_1_64' title='bbox 1548 1053 1606 1108; x_wconf 88' lang='lat' dir='ltr'><strong>est·</strong></span> 
     </span>
     <span class='ocr_line' id='line_1_8' title="bbox 412 1129 1601 1210; baseline 0.007 -24"><span class='ocrx_word' id='word_1_65' title='bbox 412 1129 519 1204; x_wconf 89' lang='lat' dir='ltr'><strong>quibus</strong></span> <span class='ocrx_word' id='word_1_66' title='bbox 534 1130 710 1205; x_wconf 85' lang='lat' dir='ltr'><strong>petentibus,</strong></span> <span class='ocrx_word' id='word_1_67' title='bbox 734 1129 895 1208; x_wconf 71' lang='lat' dir='ltr'><strong>sissinium,</strong></span> <span class='ocrx_word' id='word_1_68' title='bbox 919 1131 1039 1190; x_wconf 87' lang='lat' dir='ltr'><strong>fratrem</strong></span> <span class='ocrx_word' id='word_1_69' title='bbox 1056 1132 1174 1192; x_wconf 85' lang='lat' dir='ltr'><strong>Tarasii</strong></span> <span class='ocrx_word' id='word_1_70' title='bbox 1191 1131 1507 1210; x_wconf 85' lang='lat' dir='ltr'><strong>Constantinopolitsni</strong></span> <span class='ocrx_word' id='word_1_71' title='bbox 1522 1135 1601 1210; x_wconf 89' lang='lat' dir='ltr'><strong>epie-</strong></span> 
     </span>
     <span class='ocr_line' id='line_1_9' title="bbox 413 1215 1608 1295; baseline 0.005 -22"><span class='ocrx_word' id='word_1_72' title='bbox 413 1215 495 1293; x_wconf 86' lang='lat' dir='ltr'><strong>oopi,</strong></span> <span class='ocrx_word' id='word_1_73' title='bbox 520 1215 589 1274; x_wconf 90' lang='lat' dir='ltr'><strong>olim</strong></span> <span class='ocrx_word' id='word_1_74' title='bbox 605 1215 635 1274; x_wconf 92' lang='lat' dir='ltr'><strong>in</strong></span> <span class='ocrx_word' id='word_1_75' title='bbox 650 1217 762 1290; x_wconf 91' lang='lat' dir='ltr'><strong>proelio</strong></span> <span class='ocrx_word' id='word_1_76' title='bbox 788 1221 905 1291; x_wconf 89' lang='lat' dir='ltr'><strong>captum</strong></span> <span class='ocrx_word' id='word_1_77' title='bbox 929 1217 1045 1278; x_wconf 89' lang='lat' dir='ltr'><strong>domum</strong></span> <span class='ocrx_word' id='word_1_78' title='bbox 1061 1217 1157 1277; x_wconf 91' lang='lat' dir='ltr'><strong>redire</strong></span> <span class='ocrx_word' id='word_1_79' title='bbox 1173 1220 1314 1293; x_wconf 82' lang='lat' dir='ltr'><strong>permisit.</strong></span> <span class='ocrx_word' id='word_1_80' title='bbox 1332 1220 1439 1295; x_wconf 83' lang='lat' dir='ltr'><strong>Legsli</strong></span> <span class='ocrx_word' id='word_1_81' title='bbox 1454 1220 1538 1281; x_wconf 82' lang='lat' dir='ltr'><strong>luere</strong></span> <span class='ocrx_word' id='word_1_82' title='bbox 1553 1222 1608 1280; x_wconf 87' lang='lat' dir='ltr'><strong>bli-</strong></span> 
     </span>
     <span class='ocr_line' id='line_1_10' title="bbox 413 1300 1606 1381; baseline 0.006 -22"><span class='ocrx_word' id='word_1_83' title='bbox 413 1300 507 1378; x_wconf 84' lang='lat' dir='ltr'><strong>ohael,</strong></span> <span class='ocrx_word' id='word_1_84' title='bbox 524 1307 717 1376; x_wconf 85' lang='lat' dir='ltr'><strong>cognomento</strong></span> <span class='ocrx_word' id='word_1_85' title='bbox 734 1300 926 1378; x_wconf 82' lang='lat' dir='ltr'><strong>Ganglisnos,</strong></span> <span class='ocrx_word' id='word_1_86' title='bbox 943 1308 974 1362; x_wconf 88' lang='lat' dir='ltr'><strong>et</strong></span> <span class='ocrx_word' id='word_1_87' title='bbox 988 1302 1140 1364; x_wconf 84' lang='lat' dir='ltr'><strong>Tbeofilue</strong></span> <span class='ocrx_word' id='word_1_88' title='bbox 1158 1305 1334 1381; x_wconf 84' lang='lat' dir='ltr'><strong>praesbyter</strong></span> <span class='ocrx_word' id='word_1_89' title='bbox 1350 1306 1386 1366; x_wconf 91' lang='lat' dir='ltr'><strong>de</strong></span> <span class='ocrx_word' id='word_1_90' title='bbox 1401 1304 1606 1366; x_wconf 83' lang='lat' dir='ltr'><strong>Blsobernie“.</strong></span> 
     </span>
     <span class='ocr_line' id='line_1_11' title="bbox 415 1387 1607 1468; baseline 0.006 -22"><span class='ocrx_word' id='word_1_91' title='bbox 415 1387 534 1446; x_wconf 82' lang='lat' dir='ltr'><strong>Interim</strong></span> <span class='ocrx_word' id='word_1_92' title='bbox 550 1388 731 1448; x_wconf 75' lang='lat' dir='ltr'><strong>Francorum</strong></span> <span class='ocrx_word' id='word_1_93' title='bbox 747 1389 879 1463; x_wconf 90' lang='lat' dir='ltr'><strong>potentia</strong></span> <span class='ocrx_word' id='word_1_94' title='bbox 895 1389 923 1448; x_wconf 94' lang='lat' dir='ltr'><strong>in</strong></span> <span class='ocrx_word' id='word_1_95' title='bbox 939 1390 1003 1449; x_wconf 91' lang='lat' dir='ltr'><strong>dies</strong></span> <span class='ocrx_word' id='word_1_96' title='bbox 1018 1389 1188 1450; x_wconf 86' lang='lat' dir='ltr'><strong>crescebat:</strong></span> <span class='ocrx_word' id='word_1_97' title='bbox 1213 1391 1374 1466; x_wconf 82' lang='lat' dir='ltr'><strong>Liburnia,</strong></span> <span class='ocrx_word' id='word_1_98' title='bbox 1396 1393 1607 1468; x_wconf 80' lang='lat' dir='ltr'><strong>Pannoniaque</strong></span> 
     </span>
     <span class='ocr_line' id='line_1_12' title="bbox 414 1473 1607 1553; baseline 0.007 -23"><span class='ocrx_word' id='word_1_99' title='bbox 414 1474 543 1549; x_wconf 89' lang='lat' dir='ltr'><strong>ipsorum</strong></span> <span class='ocrx_word' id='word_1_100' title='bbox 559 1473 662 1533; x_wconf 90' lang='lat' dir='ltr'><strong>ditioni</strong></span> <span class='ocrx_word' id='word_1_101' title='bbox 677 1474 810 1534; x_wconf 88' lang='lat' dir='ltr'><strong>subiecta</strong></span> <span class='ocrx_word' id='word_1_102' title='bbox 824 1479 885 1553; x_wconf 81' lang='lat' dir='ltr'><strong>est3</strong></span> <span class='ocrx_word' id='word_1_103' title='bbox 899 1477 985 1550; x_wconf 84' lang='lat' dir='ltr'><strong>eique</strong></span> <span class='ocrx_word' id='word_1_104' title='bbox 1000 1476 1150 1536; x_wconf 88' lang='lat' dir='ltr'><strong>Dalmatia</strong></span> <span class='ocrx_word' id='word_1_105' title='bbox 1164 1477 1290 1536; x_wconf 79' lang='lat' dir='ltr'><strong>necdum</strong></span> <span class='ocrx_word' id='word_1_106' title='bbox 1304 1479 1463 1538; x_wconf 88' lang='lat' dir='ltr'><strong>eorundem</strong></span> <span class='ocrx_word' id='word_1_107' title='bbox 1479 1479 1607 1538; x_wconf 89' lang='lat' dir='ltr'><strong>dominio</strong></span> 
     </span>
     <span class='ocr_line' id='line_1_13' title="bbox 413 1561 1604 1640; baseline 0.006 -23"><span class='ocrx_word' id='word_1_108' title='bbox 413 1561 555 1634; x_wconf 86' lang='lat' dir='ltr'><strong>parebat,</strong></span> <span class='ocrx_word' id='word_1_109' title='bbox 580 1561 706 1619; x_wconf 82' lang='lat' dir='ltr'><strong>maximo</strong></span> <span class='ocrx_word' id='word_1_110' title='bbox 730 1566 809 1620; x_wconf 88' lang='lat' dir='ltr'><strong>eerte</strong></span> <span class='ocrx_word' id='word_1_111' title='bbox 833 1561 963 1635; x_wconf 88' lang='lat' dir='ltr'><strong>periculo</strong></span> <span class='ocrx_word' id='word_1_112' title='bbox 980 1563 1115 1636; x_wconf 82' lang='lat' dir='ltr'><strong>exposita</strong></span> <span class='ocrx_word' id='word_1_113' title='bbox 1130 1561 1192 1622; x_wconf 86' lang='lat' dir='ltr'><strong>fnit.</strong></span> <span class='ocrx_word' id='word_1_114' title='bbox 1221 1563 1372 1623; x_wconf 82' lang='lat' dir='ltr'><strong>Eiusmodi</strong></span> <span class='ocrx_word' id='word_1_115' title='bbox 1389 1565 1489 1640; x_wconf 88' lang='lat' dir='ltr'><strong>itaque</strong></span> <span class='ocrx_word' id='word_1_116' title='bbox 1504 1582 1604 1624; x_wconf 87' lang='lat' dir='ltr'><strong>rerum</strong></span> 
     </span>
     <span class='ocr_line' id='line_1_14' title="bbox 412 1644 1606 1726; baseline 0.01 -23"><span class='ocrx_word' id='word_1_117' title='bbox 412 1644 559 1704; x_wconf 89' lang='lat' dir='ltr'><strong>adiunctis</strong></span> <span class='ocrx_word' id='word_1_118' title='bbox 581 1646 824 1721; x_wconf 83' lang='lat' dir='ltr'><strong>obversantibus,</strong></span> <span class='ocrx_word' id='word_1_119' title='bbox 849 1646 886 1706; x_wconf 90' lang='lat' dir='ltr'><strong>de</strong></span> <span class='ocrx_word' id='word_1_120' title='bbox 909 1665 983 1723; x_wconf 90' lang='lat' dir='ltr'><strong>psoe</strong></span> <span class='ocrx_word' id='word_1_121' title='bbox 1002 1648 1078 1707; x_wconf 91' lang='lat' dir='ltr'><strong>inter</strong></span> <span class='ocrx_word' id='word_1_122' title='bbox 1093 1651 1249 1723; x_wconf 88' lang='lat' dir='ltr'><strong>utrumque</strong></span> <span class='ocrx_word' id='word_1_123' title='bbox 1264 1649 1418 1725; x_wconf 91' lang='lat' dir='ltr'><strong>imperium</strong></span> <span class='ocrx_word' id='word_1_124' title='bbox 1434 1652 1483 1726; x_wconf 82' lang='lat' dir='ltr'><strong>agl</strong></span> <span class='ocrx_word' id='word_1_125' title='bbox 1499 1651 1606 1726; x_wconf 88' lang='lat' dir='ltr'><strong>eoepit.</strong></span> 
     </span>
     <span class='ocr_line' id='line_1_15' title="bbox 412 1731 1607 1812; baseline 0.006 -22"><span class='ocrx_word' id='word_1_126' title='bbox 412 1731 511 1791; x_wconf 89' lang='lat' dir='ltr'><strong>Caroli</strong></span> <span class='ocrx_word' id='word_1_127' title='bbox 535 1731 641 1807; x_wconf 86' lang='lat' dir='ltr'><strong>legatis</strong></span> <span class='ocrx_word' id='word_1_128' title='bbox 664 1733 821 1791; x_wconf 85' lang='lat' dir='ltr'><strong>iniunctum</strong></span> <span class='ocrx_word' id='word_1_129' title='bbox 846 1738 1001 1809; x_wconf 88' lang='lat' dir='ltr'><strong>praeterea</strong></span> <span class='ocrx_word' id='word_1_130' title='bbox 1025 1737 1105 1812; x_wconf 89' lang='lat' dir='ltr'><strong>erat,</strong></span> <span class='ocrx_word' id='word_1_131' title='bbox 1133 1739 1164 1792; x_wconf 93' lang='lat' dir='ltr'><strong>ut</strong></span> <span class='ocrx_word' id='word_1_132' title='bbox 1179 1735 1264 1795; x_wconf 85' lang='lat' dir='ltr'><strong>Irene</strong></span> <span class='ocrx_word' id='word_1_133' title='bbox 1281 1737 1475 1812; x_wconf 80' lang='lat' dir='ltr'><strong>imperatricis</strong></span> <span class='ocrx_word' id='word_1_134' title='bbox 1491 1752 1607 1798; x_wconf 87' lang='lat' dir='ltr'><strong>manum</strong></span> 
     </span>
     <span class='ocr_line' id='line_1_16' title="bbox 411 1817 828 1893; baseline 0 -17"><span class='ocrx_word' id='word_1_135' title='bbox 411 1834 466 1893; x_wconf 89' lang='lat' dir='ltr'><strong>pro</strong></span> <span class='ocrx_word' id='word_1_136' title='bbox 482 1817 599 1877; x_wconf 91' lang='lat' dir='ltr'><strong>domino</strong></span> <span class='ocrx_word' id='word_1_137' title='bbox 615 1835 669 1878; x_wconf 90' lang='lat' dir='ltr'><strong>suo</strong></span> <span class='ocrx_word' id='word_1_138' title='bbox 685 1821 828 1893; x_wconf 88' lang='lat' dir='ltr'><strong>peterent.</strong></span> 
     </span>
    </p>
   </div>
   <div class='ocr_carea' id='block_1_3' title="bbox 367 1953 1660 2659">
    <p class='ocr_par' dir='ltr' id='par_1_4' title="bbox 367 1953 1660 2659">
     <span class='ocr_line' id='line_1_17' title="bbox 410 1953 1607 2044; baseline 0.005 -28"><span class='ocrx_word' id='word_1_139' title='bbox 410 1953 504 2018; x_wconf 82' lang='lat' dir='ltr'><strong>Anno</strong></span> <span class='ocrx_word' id='word_1_140' title='bbox 528 1953 606 2016; x_wconf 78' lang='lat'><strong><em>803.</em></strong></span> <span class='ocrx_word' id='word_1_141' title='bbox 638 1953 729 2018; x_wconf 85' lang='lat' dir='ltr'><strong>Missi</strong></span> <span class='ocrx_word' id='word_1_142' title='bbox 759 1955 959 2036; x_wconf 86' lang='lat' dir='ltr'><strong>imperatoris</strong></span> <span class='ocrx_word' id='word_1_143' title='bbox 990 1954 1030 2022; x_wconf 91' lang='lat' dir='ltr'><strong>de</strong></span> <span class='ocrx_word' id='word_1_144' title='bbox 1061 1954 1336 2039; x_wconf 84' lang='lat' dir='ltr'><strong>Constantinopoli</strong></span> <span class='ocrx_word' id='word_1_145' title='bbox 1366 1960 1484 2024; x_wconf 81' lang='lat' dir='ltr'><strong>reuersi</strong></span> <span class='ocrx_word' id='word_1_146' title='bbox 1515 1963 1607 2044; x_wconf 87' lang='lat' dir='ltr'><strong>sunt;</strong></span> 
     </span>
     <span class='ocr_line' id='line_1_18' title="bbox 369 2056 1606 2148; baseline 0.002 -25"><span class='ocrx_word' id='word_1_147' title='bbox 369 2063 404 2123; x_wconf 90' lang='lat' dir='ltr'><strong>et</strong></span> <span class='ocrx_word' id='word_1_148' title='bbox 426 2062 581 2122; x_wconf 89' lang='lat' dir='ltr'><strong>uenerunt</strong></span> <span class='ocrx_word' id='word_1_149' title='bbox 603 2073 673 2122; x_wconf 85' lang='lat' dir='ltr'><strong>enm</strong></span> <span class='ocrx_word' id='word_1_150' title='bbox 696 2056 742 2122; x_wconf 93' lang='lat' dir='ltr'><strong>eis</strong></span> <span class='ocrx_word' id='word_1_151' title='bbox 765 2058 861 2148; x_wconf 82' lang='lat' dir='ltr'><strong>legati</strong></span> <span class='ocrx_word' id='word_1_152' title='bbox 884 2057 1018 2124; x_wconf 89' lang='lat' dir='ltr'><strong>Nicilori</strong></span> <span class='ocrx_word' id='word_1_153' title='bbox 1041 2059 1252 2140; x_wconf 89' lang='lat' dir='ltr'><strong>imperatoris,</strong></span> <span class='ocrx_word' id='word_1_154' title='bbox 1276 2062 1330 2142; x_wconf 90' lang='lat' dir='ltr'><strong>qui</strong></span> <span class='ocrx_word' id='word_1_155' title='bbox 1345 2069 1421 2127; x_wconf 88' lang='lat' dir='ltr'><strong>tuno</strong></span> <span class='ocrx_word' id='word_1_156' title='bbox 1436 2061 1606 2143; x_wconf 89' lang='lat' dir='ltr'><strong>rempubli-</strong></span> 
     </span>
     <span class='ocr_line' id='line_1_19' title="bbox 369 2159 1660 2247; baseline 0.003 -22"><span class='ocrx_word' id='word_1_157' title='bbox 369 2179 436 2225; x_wconf 83' lang='lat' dir='ltr'><strong>cam</strong></span> <span class='ocrx_word' id='word_1_158' title='bbox 461 2159 659 2243; x_wconf 83' lang='lat' dir='ltr'><strong>regebat-</strong></span> <span class='ocrx_word' id='word_1_159' title='bbox 681 2179 755 2226; x_wconf 86' lang='lat' dir='ltr'><strong>nam</strong></span> <span class='ocrx_word' id='word_1_160' title='bbox 777 2160 937 2227; x_wconf 85' lang='lat' dir='ltr'><strong>Heronem</strong></span> <span class='ocrx_word' id='word_1_161' title='bbox 967 2167 1040 2244; x_wconf 86' lang='lat' dir='ltr'><strong>post</strong></span> <span class='ocrx_word' id='word_1_162' title='bbox 1069 2163 1239 2228; x_wconf 84' lang='lat' dir='ltr'><strong>adventurn</strong></span> <span class='ocrx_word' id='word_1_163' title='bbox 1263 2164 1431 2247; x_wconf 78' lang='lat' dir='ltr'><strong>legationis</strong></span> <span class='ocrx_word' id='word_1_164' title='bbox 1453 2163 1605 2229; x_wconf 84' lang='lat' dir='ltr'><strong>Franoiee</strong></span> <span class='ocrx_word' id='word_1_165' title='bbox 1653 2181 1660 2196; x_wconf 95' lang='lat'><strong>·</strong></span> 
     </span>
     <span class='ocr_line' id='line_1_20' title="bbox 367 2263 1605 2352; baseline 0.002 -22"><span class='ocrx_word' id='word_1_166' title='bbox 367 2263 598 2345; x_wconf 84' lang='lat' dir='ltr'><strong>deposuenrnt¹</strong></span> <span class='ocrx_word' id='word_1_167' title='bbox 621 2299 664 2310; x_wconf 94' lang='lat'><em>-</em></span> <span class='ocrx_word' id='word_1_168' title='bbox 679 2281 813 2344; x_wconf 83' lang='lat' dir='ltr'><strong>quornm</strong></span> <span class='ocrx_word' id='word_1_169' title='bbox 830 2265 956 2331; x_wconf 88' lang='lat' dir='ltr'><strong>nomina</strong></span> <span class='ocrx_word' id='word_1_170' title='bbox 970 2264 1099 2331; x_wconf 86' lang='lat' dir='ltr'><strong>luerunt</strong></span> <span class='ocrx_word' id='word_1_171' title='bbox 1113 2267 1274 2332; x_wconf 90' lang='lat' dir='ltr'><strong>Miobahel</strong></span> <span class='ocrx_word' id='word_1_172' title='bbox 1288 2268 1466 2352; x_wconf 87' lang='lat' dir='ltr'><strong>episeopus,</strong></span> <span class='ocrx_word' id='word_1_173' title='bbox 1490 2267 1605 2333; x_wconf 85' lang='lat' dir='ltr'><strong>Petrus</strong></span> 
     </span>
     <span class='ocr_line' id='line_1_21' title="bbox 369 2365 1605 2453; baseline 0.002 -21"><span class='ocrx_word' id='word_1_174' title='bbox 369 2366 468 2434; x_wconf 88' lang='lat' dir='ltr'><strong>abbas</strong></span> <span class='ocrx_word' id='word_1_175' title='bbox 499 2371 533 2433; x_wconf 90' lang='lat' dir='ltr'><strong>et</strong></span> <span class='ocrx_word' id='word_1_176' title='bbox 563 2365 703 2432; x_wconf 86' lang='lat' dir='ltr'><strong>Celistus</strong></span> <span class='ocrx_word' id='word_1_177' title='bbox 737 2368 932 2435; x_wconf 86' lang='lat' dir='ltr'><strong>candidatus.</strong></span> <span class='ocrx_word' id='word_1_178' title='bbox 968 2369 1029 2448; x_wconf 80' lang='lat' dir='ltr'><strong>Qui</strong></span> <span class='ocrx_word' id='word_1_179' title='bbox 1059 2375 1214 2436; x_wconf 83' lang='lat' dir='ltr'><strong>venerunt</strong></span> <span class='ocrx_word' id='word_1_180' title='bbox 1246 2371 1286 2436; x_wconf 90' lang='lat' dir='ltr'><strong>sd</strong></span> <span class='ocrx_word' id='word_1_181' title='bbox 1316 2371 1543 2453; x_wconf 86' lang='lat' dir='ltr'><strong>imperatorem</strong></span> <span class='ocrx_word' id='word_1_182' title='bbox 1573 2372 1605 2436; x_wconf 90' lang='lat' dir='ltr'><strong>in</strong></span> 
     </span>
     <span class='ocr_line' id='line_1_22' title="bbox 367 2469 1604 2556; baseline 0.001 -18"><span class='ocrx_word' id='word_1_183' title='bbox 367 2471 539 2538; x_wconf 87' lang='lat' dir='ltr'><strong>Germanis</strong></span> <span class='ocrx_word' id='word_1_184' title='bbox 561 2489 658 2552; x_wconf 89' lang='lat' dir='ltr'><strong>super</strong></span> <span class='ocrx_word' id='word_1_185' title='bbox 680 2469 809 2536; x_wconf 87' lang='lat' dir='ltr'><strong>fluuium</strong></span> <span class='ocrx_word' id='word_1_186' title='bbox 832 2471 907 2538; x_wconf 84' lang='lat' dir='ltr'><strong>Salo</strong></span> <span class='ocrx_word' id='word_1_187' title='bbox 928 2473 960 2536; x_wconf 93' lang='lat' dir='ltr'><strong>in</strong></span> <span class='ocrx_word' id='word_1_188' title='bbox 983 2473 1052 2540; x_wconf 88' lang='lat' dir='ltr'><strong>loco</strong></span> <span class='ocrx_word' id='word_1_189' title='bbox 1076 2474 1129 2555; x_wconf 89' lang='lat' dir='ltr'><strong>qni</strong></span> <span class='ocrx_word' id='word_1_190' title='bbox 1152 2474 1267 2540; x_wconf 89' lang='lat' dir='ltr'><strong>dieitur</strong></span> <span class='ocrx_word' id='word_1_191' title='bbox 1286 2473 1402 2555; x_wconf 68' lang='lat' dir='ltr'><strong>Saltu&#39;</strong></span> <span class='ocrx_word' id='word_1_192' title='bbox 1424 2481 1457 2542; x_wconf 92' lang='lat' dir='ltr'><strong>et</strong></span> <span class='ocrx_word' id='word_1_193' title='bbox 1479 2481 1604 2556; x_wconf 85' lang='lat' dir='ltr'><strong>paetum</strong></span> 
     </span>
     <span class='ocr_line' id='line_1_23' title="bbox 367 2573 1605 2659; baseline 0.002 -20"><span class='ocrx_word' id='word_1_194' title='bbox 367 2574 533 2640; x_wconf 85' lang='lat' dir='ltr'><strong>faciendae</strong></span> <span class='ocrx_word' id='word_1_195' title='bbox 555 2573 642 2656; x_wconf 82' lang='lat' dir='ltr'><strong>pacis</strong></span> <span class='ocrx_word' id='word_1_196' title='bbox 664 2575 697 2638; x_wconf 94' lang='lat' dir='ltr'><strong>in</strong></span> <span class='ocrx_word' id='word_1_197' title='bbox 719 2575 836 2656; x_wconf 88' lang='lat' dir='ltr'><strong>scripto</strong></span> <span class='ocrx_word' id='word_1_198' title='bbox 860 2583 1076 2657; x_wconf 88' lang='lat' dir='ltr'><strong>susceperunt.</strong></span> <span class='ocrx_word' id='word_1_199' title='bbox 1100 2577 1143 2644; x_wconf 86' lang='lat' dir='ltr'><strong>Et</strong></span> <span class='ocrx_word' id='word_1_200' title='bbox 1157 2579 1232 2644; x_wconf 91' lang='lat' dir='ltr'><strong>inde</strong></span> <span class='ocrx_word' id='word_1_201' title='bbox 1248 2577 1368 2644; x_wconf 87' lang='lat' dir='ltr'><strong>dimissi</strong></span> <span class='ocrx_word' id='word_1_202' title='bbox 1383 2596 1454 2644; x_wconf 89' lang='lat' dir='ltr'><strong>cum</strong></span> <span class='ocrx_word' id='word_1_203' title='bbox 1469 2578 1605 2659; x_wconf 89' lang='lat' dir='ltr'><strong>epistola</strong></span> 
     </span>
    </p>
   </div>
   <div class='ocr_carea' id='block_1_4' title="bbox 369 2665 1603 2869">
    <p class='ocr_par' dir='ltr' id='par_1_5' title="bbox 369 2665 1603 2869">
     <span class='ocr_line' id='line_1_24' title="bbox 369 2665 1603 2781; baseline 0.002 -38"><span class='ocrx_word' id='word_1_204' title='bbox 369 2665 580 2760; x_wconf 83' lang='lat' dir='ltr'><strong>imperatoris,</strong></span> <span class='ocrx_word' id='word_1_205' title='bbox 610 2677 744 2744; x_wconf 87' lang='lat' dir='ltr'><strong>Romam</strong></span> <span class='ocrx_word' id='word_1_206' title='bbox 768 2679 907 2762; x_wconf 84' lang='lat' dir='ltr'><strong>regressi</strong></span> <span class='ocrx_word' id='word_1_207' title='bbox 931 2684 1027 2781; x_wconf 79' lang='lat' dir='ltr'><strong>atque</strong></span> <span class='ocrx_word' id='word_1_208' title='bbox 1050 2679 1356 2763; x_wconf 83' lang='lat' dir='ltr'><strong>Constantinopolim</strong></span> <span class='ocrx_word' id='word_1_209' title='bbox 1379 2683 1499 2748; x_wconf 85' lang='lat' dir='ltr'><strong>reuersi</strong></span> <span class='ocrx_word' id='word_1_210' title='bbox 1521 2687 1603 2748; x_wconf 83' lang='lat' dir='ltr'><strong>sunt</strong></span> 
     </span>
     <span class='ocr_line' id='line_1_25' title="bbox 410 2781 1603 2869; baseline 0.004 -23"><span class='ocrx_word' id='word_1_211' title='bbox 410 2781 507 2846; x_wconf 88' lang='lat' dir='ltr'><strong>Venit</strong></span> <span class='ocrx_word' id='word_1_212' title='bbox 529 2800 656 2863; x_wconf 89' lang='lat' dir='ltr'><strong>quoqne</strong></span> <span class='ocrx_word' id='word_1_213' title='bbox 678 2781 872 2847; x_wconf 84' lang='lat' dir='ltr'><strong>Fortunatus</strong></span> <span class='ocrx_word' id='word_1_214' title='bbox 894 2784 1075 2864; x_wconf 82' lang='lat' dir='ltr'><strong>patriarche</strong></span> <span class='ocrx_word' id='word_1_215' title='bbox 1098 2785 1299 2868; x_wconf 84' lang='lat' dir='ltr'><strong>(Gradensis)</strong></span> <span class='ocrx_word' id='word_1_216' title='bbox 1323 2786 1368 2850; x_wconf 89' lang='lat' dir='ltr'><strong>de</strong></span> <span class='ocrx_word' id='word_1_217' title='bbox 1387 2786 1527 2869; x_wconf 81' lang='lat' dir='ltr'><strong>Graecis,</strong></span> <span class='ocrx_word' id='word_1_218' title='bbox 1556 2783 1603 2851; x_wconf 87' lang='lat' dir='ltr'><strong>ai·</strong></span> 
     </span>
    </p>
   </div>
   <div class='ocr_carea' id='block_1_5' title="bbox 293 2885 1603 3072">
    <p class='ocr_par' dir='ltr' id='par_1_6' title="bbox 293 2885 1603 3072">
     <span class='ocr_line' id='line_1_26' title="bbox 365 2885 1603 2971; baseline 0.003 -21"><span class='ocrx_word' id='word_1_219' title='bbox 365 2885 471 2952; x_wconf 85' lang='lat' dir='ltr'><strong>ferens</strong></span> <span class='ocrx_word' id='word_1_220' title='bbox 501 2903 608 2952; x_wconf 89' lang='lat' dir='ltr'><strong>seeum</strong></span> <span class='ocrx_word' id='word_1_221' title='bbox 640 2887 724 2952; x_wconf 89' lang='lat' dir='ltr'><strong>inter</strong></span> <span class='ocrx_word' id='word_1_222' title='bbox 754 2891 880 2952; x_wconf 87' lang='lat' dir='ltr'><strong>caetera</strong></span> <span class='ocrx_word' id='word_1_223' title='bbox 911 2887 994 2954; x_wconf 88' lang='lat' dir='ltr'><strong>dona</strong></span> <span class='ocrx_word' id='word_1_224' title='bbox 1027 2888 1106 2954; x_wconf 89' lang='lat' dir='ltr'><strong>duas</strong></span> <span class='ocrx_word' id='word_1_225' title='bbox 1140 2894 1249 2971; x_wconf 85' lang='lat' dir='ltr'><strong>portas</strong></span> <span class='ocrx_word' id='word_1_226' title='bbox 1283 2890 1440 2956; x_wconf 84' lang='lat' dir='ltr'><strong>eburneas</strong></span> <span class='ocrx_word' id='word_1_227' title='bbox 1472 2887 1603 2956; x_wconf 90' lang='lat' dir='ltr'><strong>mirifico</strong></span> 
     </span>
     <span class='ocr_line' id='line_1_27' title="bbox 293 2989 657 3072; baseline 0 -17"><span class='ocrx_word' id='word_1_228' title='bbox 293 3005 300 3016; x_wconf 91' lang='lat'><strong>·</strong></span> <span class='ocrx_word' id='word_1_229' title='bbox 367 3007 465 3072; x_wconf 89' lang='lat' dir='ltr'><strong>opere</strong></span> <span class='ocrx_word' id='word_1_230' title='bbox 488 2989 657 3071; x_wconf 83' lang='lat' dir='ltr'><strong>sculptas³</strong></span> 
     </span>
    </p>
   </div>
   <div class='ocr_carea' id='block_1_6' title="bbox 451 3111 1602 3193">
    <p class='ocr_par' dir='ltr' id='par_1_7' title="bbox 451 3111 1602 3193">
     <span class='ocr_line' id='line_1_28' title="bbox 451 3111 1602 3193; baseline 0.005 -21"><span class='ocrx_word' id='word_1_231' title='bbox 451 3111 593 3172; x_wconf 85' lang='lat' dir='ltr'><strong>Einhardi</strong></span> <span class='ocrx_word' id='word_1_232' title='bbox 609 3115 740 3174; x_wconf 76' lang='lat' dir='ltr'><strong>annales.</strong></span> <span class='ocrx_word' id='word_1_233' title='bbox 750 3113 838 3174; x_wconf 84' lang='lat' dir='ltr'><strong>Pertz</strong></span> <span class='ocrx_word' id='word_1_234' title='bbox 853 3116 876 3192; x_wconf 88' lang='lat' dir='ltr'><strong>I,</strong></span> <span class='ocrx_word' id='word_1_235' title='bbox 898 3117 967 3176; x_wconf 88' lang='grc'><strong>191.</strong></span> <span class='ocrx_word' id='word_1_236' title='bbox 984 3114 1114 3174; x_wconf 83' lang='lat' dir='ltr'><strong>Enbsrdi</strong></span> <span class='ocrx_word' id='word_1_237' title='bbox 1123 3115 1280 3177; x_wconf 76' lang='lat' dir='ltr'><strong>Fnldensls</strong></span> <span class='ocrx_word' id='word_1_238' title='bbox 1295 3118 1418 3177; x_wconf 76' lang='lat' dir='ltr'><strong>annales</strong></span> <span class='ocrx_word' id='word_1_239' title='bbox 1433 3117 1472 3177; x_wconf 91' lang='lat' dir='ltr'><strong>ib.</strong></span> <span class='ocrx_word' id='word_1_240' title='bbox 1489 3117 1513 3193; x_wconf 87' lang='lat'><strong>1,</strong></span> <span class='ocrx_word' id='word_1_241' title='bbox 1530 3118 1602 3178; x_wconf 78' lang='lat'><strong>363.</strong></span> 
     </span>
    </p>
   </div>
   <div class='ocr_carea' id='block_1_7' title="bbox 364 3206 1603 3990">
    <p class='ocr_par' dir='ltr' id='par_1_8' title="bbox 364 3206 1603 3990">
     <span class='ocr_line' id='line_1_29' title="bbox 400 3206 1600 3300; baseline 0.006 -18"><span class='ocrx_word' id='word_1_242' title='bbox 400 3232 408 3263; x_wconf 85' lang='lat'><strong>¹</strong></span> <span class='ocrx_word' id='word_1_243' title='bbox 427 3228 470 3284; x_wconf 72' lang='lat' dir='ltr'><strong>ure</strong></span> <span class='ocrx_word' id='word_1_244' title='bbox 488 3232 521 3282; x_wconf 85' lang='lat' dir='ltr'><strong>er</strong></span> <span class='ocrx_word' id='word_1_245' title='bbox 542 3228 661 3283; x_wconf 75' lang='lat' dir='ltr'><strong>octobris</strong></span> <span class='ocrx_word' id='word_1_246' title='bbox 679 3231 739 3282; x_wconf 81' lang='lat' dir='ltr'><strong>eos.</strong></span> <span class='ocrx_word' id='word_1_247' title='bbox 760 3206 770 3224; x_wconf 82' lang='lat'><em>⁰</em></span> <span class='ocrx_word' id='word_1_248' title='bbox 813 3229 1035 3300; x_wconf 63' lang='lat' dir='ltr'><strong>²rrenusnosn.</strong></span> <span class='ocrx_word' id='word_1_249' title='bbox 1109 3231 1272 3288; x_wconf 66' lang='lat' dir='ltr'><strong>rrouanns</strong></span> <span class='ocrx_word' id='word_1_250' title='bbox 1290 3233 1382 3288; x_wconf 73' lang='lat' dir='ltr'><strong>ceron.</strong></span> <span class='ocrx_word' id='word_1_251' title='bbox 1401 3239 1488 3290; x_wconf 72' lang='lat' dir='ltr'><strong>venet.</strong></span> <span class='ocrx_word' id='word_1_252' title='bbox 1507 3231 1600 3289; x_wconf 69' lang='lat' dir='ltr'><strong>serta:</strong></span> 
     </span>
     <span class='ocr_line' id='line_1_30' title="bbox 365 3315 1603 3388; baseline 0.002 -17"><span class='ocrx_word' id='word_1_253' title='bbox 365 3318 437 3371; x_wconf 87' lang='lat' dir='ltr'><strong>Mon.</strong></span> <span class='ocrx_word' id='word_1_254' title='bbox 457 3315 545 3370; x_wconf 84' lang='lat' dir='ltr'><strong>Germ.</strong></span> <span class='ocrx_word' id='word_1_255' title='bbox 564 3315 611 3383; x_wconf 87' lang='lat' dir='ltr'><strong>IX,</strong></span> <span class='ocrx_word' id='word_1_256' title='bbox 632 3317 678 3368; x_wconf 83' lang='lat'><strong>13:</strong></span> <span class='ocrx_word' id='word_1_257' title='bbox 698 3315 880 3384; x_wconf 82' lang='lat' dir='ltr'><strong>„(Johsnuem</strong></span> <span class='ocrx_word' id='word_1_258' title='bbox 898 3317 1091 3386; x_wconf 87' lang='lat' dir='ltr'><strong>patriarcham,</strong></span> <span class='ocrx_word' id='word_1_259' title='bbox 1110 3333 1181 3372; x_wconf 90' lang='lat' dir='ltr'><strong>anno</strong></span> <span class='ocrx_word' id='word_1_260' title='bbox 1192 3319 1320 3388; x_wconf 83' lang='lat' dir='ltr'><strong>vigesimo</strong></span> <span class='ocrx_word' id='word_1_261' title='bbox 1332 3319 1417 3375; x_wconf 87' lang='lat' dir='ltr'><strong>tercio</strong></span> <span class='ocrx_word' id='word_1_262' title='bbox 1430 3321 1544 3375; x_wconf 81' lang='lat' dir='ltr'><strong>ducatus</strong></span> <span class='ocrx_word' id='word_1_263' title='bbox 1556 3321 1603 3374; x_wconf 88' lang='lat' dir='ltr'><strong>Jo-</strong></span> 
     </span>
     <span class='ocr_line' id='line_1_31' title="bbox 364 3400 1602 3475; baseline 0.002 -17"><span class='ocrx_word' id='word_1_264' title='bbox 364 3403 471 3470; x_wconf 86' lang='lat' dir='ltr'><strong>bsnnis,</strong></span> <span class='ocrx_word' id='word_1_265' title='bbox 489 3403 523 3457; x_wconf 90' lang='lat' dir='ltr'><strong>ab</strong></span> <span class='ocrx_word' id='word_1_266' title='bbox 543 3401 663 3456; x_wconf 87' lang='lat' dir='ltr'><strong>eiusdem</strong></span> <span class='ocrx_word' id='word_1_267' title='bbox 682 3400 738 3456; x_wconf 87' lang='lat' dir='ltr'><strong>filio</strong></span> <span class='ocrx_word' id='word_1_268' title='bbox 756 3401 890 3456; x_wconf 85' lang='lat' dir='ltr'><strong>Mauricio</strong></span> <span class='ocrx_word' id='word_1_269' title='bbox 908 3403 1112 3472; x_wconf 85' lang='lat' dir='ltr'><strong>interemptum)</strong></span> <span class='ocrx_word' id='word_1_270' title='bbox 1131 3405 1262 3460; x_wconf 84' lang='lat' dir='ltr'><strong>successit</strong></span> <span class='ocrx_word' id='word_1_271' title='bbox 1279 3405 1447 3461; x_wconf 83' lang='lat' dir='ltr'><strong>Fortunatus</strong></span> <span class='ocrx_word' id='word_1_272' title='bbox 1460 3405 1495 3460; x_wconf 85' lang='lat' dir='ltr'><strong>ad</strong></span> <span class='ocrx_word' id='word_1_273' title='bbox 1507 3422 1602 3475; x_wconf 78' lang='lat' dir='ltr'><strong>regen·</strong></span> 
     </span>
     <span class='ocr_line' id='line_1_32' title="bbox 365 3487 1603 3560; baseline 0.004 -17"><span class='ocrx_word' id='word_1_274' title='bbox 365 3489 425 3543; x_wconf 86' lang='lat' dir='ltr'><strong>dam</strong></span> <span class='ocrx_word' id='word_1_275' title='bbox 452 3488 645 3543; x_wconf 84' lang='lat' dir='ltr'><strong>ecclesiam...</strong></span> <span class='ocrx_word' id='word_1_276' title='bbox 677 3487 833 3543; x_wconf 88' lang='lat' dir='ltr'><strong>Prelibatus</strong></span> <span class='ocrx_word' id='word_1_277' title='bbox 858 3487 990 3556; x_wconf 85' lang='lat' dir='ltr'><strong>siquidem</strong></span> <span class='ocrx_word' id='word_1_278' title='bbox 1014 3489 1182 3545; x_wconf 85' lang='lat' dir='ltr'><strong>Fortunatus</strong></span> <span class='ocrx_word' id='word_1_279' title='bbox 1206 3493 1364 3560; x_wconf 80' lang='lat' dir='ltr'><strong>patriarcba</strong></span> <span class='ocrx_word' id='word_1_280' title='bbox 1387 3493 1487 3548; x_wconf 88' lang='lat' dir='ltr'><strong>acriter</strong></span> <span class='ocrx_word' id='word_1_281' title='bbox 1509 3490 1603 3548; x_wconf 90' lang='lat' dir='ltr'><strong>dolens</strong></span> 
     </span>
     <span class='ocr_line' id='line_1_33' title="bbox 365 3572 1603 3643; baseline 0.004 -14"><span class='ocrx_word' id='word_1_282' title='bbox 365 3573 581 3629; x_wconf 82' lang='lat' dir='ltr'><strong>interfectionem</strong></span> <span class='ocrx_word' id='word_1_283' title='bbox 606 3574 648 3629; x_wconf 89' lang='lat' dir='ltr'><strong>sui</strong></span> <span class='ocrx_word' id='word_1_284' title='bbox 674 3572 823 3628; x_wconf 86' lang='lat' dir='ltr'><strong>decessoris</strong></span> <span class='ocrx_word' id='word_1_285' title='bbox 848 3581 876 3628; x_wconf 88' lang='lat' dir='ltr'><strong>et</strong></span> <span class='ocrx_word' id='word_1_286' title='bbox 898 3577 1019 3643; x_wconf 85' lang='lat' dir='ltr'><strong>parentis</strong></span> <span class='ocrx_word' id='word_1_287' title='bbox 1043 3576 1157 3632; x_wconf 86' lang='lat' dir='ltr'><strong>insidias</strong></span> <span class='ocrx_word' id='word_1_288' title='bbox 1180 3577 1308 3634; x_wconf 83' lang='lat' dir='ltr'><strong>adversus</strong></span> <span class='ocrx_word' id='word_1_289' title='bbox 1332 3577 1494 3634; x_wconf 78' lang='lat' dir='ltr'><strong>Masticium</strong></span> <span class='ocrx_word' id='word_1_290' title='bbox 1513 3583 1540 3632; x_wconf 91' lang='lat' dir='ltr'><strong>et</strong></span> <span class='ocrx_word' id='word_1_291' title='bbox 1556 3579 1603 3634; x_wconf 81' lang='lat' dir='ltr'><strong>io-</strong></span> 
     </span>
     <span class='ocr_line' id='line_1_34' title="bbox 364 3659 1602 3733; baseline 0.003 -19"><span class='ocrx_word' id='word_1_292' title='bbox 364 3662 483 3715; x_wconf 85' lang='lat' dir='ltr'><strong>hannem</strong></span> <span class='ocrx_word' id='word_1_293' title='bbox 506 3659 588 3715; x_wconf 90' lang='lat' dir='ltr'><strong>duces</strong></span> <span class='ocrx_word' id='word_1_294' title='bbox 613 3661 765 3728; x_wconf 88' lang='lat' dir='ltr'><strong>composuit</strong></span> <span class='ocrx_word' id='word_1_295' title='bbox 788 3666 816 3715; x_wconf 89' lang='lat' dir='ltr'><strong>ct</strong></span> <span class='ocrx_word' id='word_1_296' title='bbox 839 3661 937 3716; x_wconf 88' lang='lat' dir='ltr'><strong>relicta</strong></span> <span class='ocrx_word' id='word_1_297' title='bbox 963 3661 1027 3716; x_wconf 87' lang='lat' dir='ltr'><strong>sede</strong></span> <span class='ocrx_word' id='word_1_298' title='bbox 1051 3668 1080 3716; x_wconf 89' lang='lat' dir='ltr'><strong>et</strong></span> <span class='ocrx_word' id='word_1_299' title='bbox 1103 3663 1171 3717; x_wconf 88' lang='lat' dir='ltr'><strong>urbe</strong></span> <span class='ocrx_word' id='word_1_300' title='bbox 1195 3663 1229 3718; x_wconf 90' lang='lat' dir='ltr'><strong>ad</strong></span> <span class='ocrx_word' id='word_1_301' title='bbox 1247 3664 1354 3719; x_wconf 86' lang='lat' dir='ltr'><strong>ltaliam</strong></span> <span class='ocrx_word' id='word_1_302' title='bbox 1372 3666 1492 3733; x_wconf 83' lang='lat' dir='ltr'><strong>perenit;</strong></span> <span class='ocrx_word' id='word_1_303' title='bbox 1522 3679 1602 3733; x_wconf 87' lang='lat' dir='ltr'><strong>quem</strong></span> 
     </span>
     <span class='ocr_line' id='line_1_35' title="bbox 365 3745 1602 3822; baseline 0.002 -20"><span class='ocrx_word' id='word_1_304' title='bbox 365 3747 446 3802; x_wconf 87' lang='lat' dir='ltr'><strong>etism</strong></span> <span class='ocrx_word' id='word_1_305' title='bbox 465 3753 573 3801; x_wconf 86' lang='lat' dir='ltr'><strong>secutus</strong></span> <span class='ocrx_word' id='word_1_306' title='bbox 593 3745 763 3815; x_wconf 86' lang='lat' dir='ltr'><strong>estquidam</strong></span> <span class='ocrx_word' id='word_1_307' title='bbox 782 3747 924 3814; x_wconf 79' lang='lat' dir='ltr'><strong>tribunus,</strong></span> <span class='ocrx_word' id='word_1_308' title='bbox 942 3745 1105 3803; x_wconf 88' lang='lat' dir='ltr'><strong>Obellierius</strong></span> <span class='ocrx_word' id='word_1_309' title='bbox 1122 3749 1244 3816; x_wconf 91' lang='lat' dir='ltr'><strong>nomine,</strong></span> <span class='ocrx_word' id='word_1_310' title='bbox 1263 3749 1505 3822; x_wconf 80' lang='lat' dir='ltr'><strong>Metsumsoensis,</strong></span> <span class='ocrx_word' id='word_1_311' title='bbox 1524 3749 1602 3805; x_wconf 80' lang='lat' dir='ltr'><strong>Felix</strong></span> 
     </span>
     <span class='ocr_line' id='line_1_36' title="bbox 364 3832 1602 3904; baseline 0.004 -16"><span class='ocrx_word' id='word_1_312' title='bbox 364 3833 505 3900; x_wconf 86' lang='lat' dir='ltr'><strong>tribunus,</strong></span> <span class='ocrx_word' id='word_1_313' title='bbox 529 3832 688 3900; x_wconf 66' lang='lat' dir='ltr'><strong>Decimius,</strong></span> <span class='ocrx_word' id='word_1_314' title='bbox 716 3833 885 3889; x_wconf 85' lang='lat' dir='ltr'><strong>Marinianus</strong></span> <span class='ocrx_word' id='word_1_315' title='bbox 904 3849 952 3888; x_wconf 88' lang='lat' dir='ltr'><strong>seu</strong></span> <span class='ocrx_word' id='word_1_316' title='bbox 970 3833 1107 3890; x_wconf 84' lang='lat' dir='ltr'><strong>Fusosrus</strong></span> <span class='ocrx_word' id='word_1_317' title='bbox 1126 3835 1248 3904; x_wconf 84' lang='lat' dir='ltr'><strong>Gregorii</strong></span> <span class='ocrx_word' id='word_1_318' title='bbox 1267 3841 1294 3890; x_wconf 91' lang='lat' dir='ltr'><strong>et</strong></span> <span class='ocrx_word' id='word_1_319' title='bbox 1312 3835 1436 3892; x_wconf 86' lang='lat' dir='ltr'><strong>nonnulli</strong></span> <span class='ocrx_word' id='word_1_320' title='bbox 1454 3835 1502 3891; x_wconf 87' lang='lat' dir='ltr'><strong>alii</strong></span> <span class='ocrx_word' id='word_1_321' title='bbox 1514 3835 1602 3893; x_wconf 87' lang='lat' dir='ltr'><strong>Vene-</strong></span> 
     </span>
     <span class='ocr_line' id='line_1_37' title="bbox 366 3919 1603 3990; baseline 0.003 -16"><span class='ocrx_word' id='word_1_322' title='bbox 366 3921 480 3974; x_wconf 87' lang='lat' dir='ltr'><strong>ticorum</strong></span> <span class='ocrx_word' id='word_1_323' title='bbox 498 3920 622 3976; x_wconf 87' lang='lat' dir='ltr'><strong>maiores.</strong></span> <span class='ocrx_word' id='word_1_324' title='bbox 642 3919 686 3973; x_wconf 85' lang='lat' dir='ltr'><strong>Ex</strong></span> <span class='ocrx_word' id='word_1_325' title='bbox 705 3919 803 3988; x_wconf 88' lang='lat' dir='ltr'><strong>quibus</strong></span> <span class='ocrx_word' id='word_1_326' title='bbox 822 3919 896 3976; x_wconf 90' lang='lat' dir='ltr'><strong>solus</strong></span> <span class='ocrx_word' id='word_1_327' title='bbox 915 3919 1072 3990; x_wconf 84' lang='lat' dir='ltr'><strong>patriarcba</strong></span> <span class='ocrx_word' id='word_1_328' title='bbox 1089 3921 1117 3975; x_wconf 92' lang='lat' dir='ltr'><strong>in</strong></span> <span class='ocrx_word' id='word_1_329' title='bbox 1135 3921 1280 3977; x_wconf 86' lang='lat' dir='ltr'><strong>Franciam</strong></span> <span class='ocrx_word' id='word_1_330' title='bbox 1297 3923 1355 3982; x_wconf 83' lang='lat' dir='ltr'><strong>ivit.</strong></span> <span class='ocrx_word' id='word_1_331' title='bbox 1375 3923 1464 3978; x_wconf 87' lang='lat' dir='ltr'><strong>Ceteri</strong></span> <span class='ocrx_word' id='word_1_332' title='bbox 1482 3938 1545 3979; x_wconf 78' lang='lat' dir='ltr'><strong>uero</strong></span> <span class='ocrx_word' id='word_1_333' title='bbox 1561 3939 1603 3978; x_wconf 88' lang='lat' dir='ltr'><strong>re·</strong></span> 
     </span>
    </p>
   </div>
   <div class='ocr_carea' id='block_1_8' title="bbox 259 3995 1604 4079">
    <p class='ocr_par' dir='ltr' id='par_1_9' title="bbox 259 3995 1604 4079">
     <span class='ocr_line' id='line_1_38' title="bbox 259 3995 1604 4079; baseline 0.004 -19"><span class='ocrx_word' id='word_1_334' title='bbox 259 3995 263 4004; x_wconf 81' lang='grc'><strong>’</strong></span> <span class='ocrx_word' id='word_1_335' title='bbox 361 4011 523 4062; x_wconf 86' lang='lat' dir='ltr'><strong>manserunt</strong></span> <span class='ocrx_word' id='word_1_336' title='bbox 540 4005 570 4060; x_wconf 89' lang='lat' dir='ltr'><strong>in</strong></span> <span class='ocrx_word' id='word_1_337' title='bbox 588 4004 704 4076; x_wconf 87' lang='lat' dir='ltr'><strong>quadam</strong></span> <span class='ocrx_word' id='word_1_338' title='bbox 724 4007 834 4061; x_wconf 75' lang='lat' dir='ltr'><strong>civimte</strong></span> <span class='ocrx_word' id='word_1_339' title='bbox 852 4023 906 4062; x_wconf 90' lang='lat' dir='ltr'><strong>non</strong></span> <span class='ocrx_word' id='word_1_340' title='bbox 924 4007 1019 4076; x_wconf 88' lang='lat' dir='ltr'><strong>procul</strong></span> <span class='ocrx_word' id='word_1_341' title='bbox 1039 4025 1056 4062; x_wconf 87' lang='lat' dir='ltr'><strong>a</strong></span> <span class='ocrx_word' id='word_1_342' title='bbox 1073 4007 1197 4079; x_wconf 85' lang='lat' dir='ltr'><strong>Venetis,</strong></span> <span class='ocrx_word' id='word_1_343' title='bbox 1222 4010 1330 4064; x_wconf 87' lang='lat' dir='ltr'><strong>nomine</strong></span> <span class='ocrx_word' id='word_1_344' title='bbox 1349 4009 1487 4079; x_wconf 77' lang='lat' dir='ltr'><strong>Tarvisio;</strong></span> <span class='ocrx_word' id='word_1_345' title='bbox 1511 4009 1604 4078; x_wconf 85' lang='lat' dir='ltr'><strong>ibique</strong></span> 
     </span>
    </p>
   </div>
   <div class='ocr_carea' id='block_1_9' title="bbox 362 4091 1606 4422">
    <p class='ocr_par' dir='ltr' id='par_1_10' title="bbox 362 4091 1606 4422">
     <span class='ocr_line' id='line_1_39' title="bbox 362 4091 1604 4166; baseline 0.003 -20"><span class='ocrx_word' id='word_1_346' title='bbox 362 4107 416 4147; x_wconf 90' lang='lat' dir='ltr'><strong>non</strong></span> <span class='ocrx_word' id='word_1_347' title='bbox 444 4091 546 4147; x_wconf 90' lang='lat' dir='ltr'><strong>diutius</strong></span> <span class='ocrx_word' id='word_1_348' title='bbox 571 4093 714 4162; x_wconf 80' lang='lat' dir='ltr'><strong>degentes,</strong></span> <span class='ocrx_word' id='word_1_349' title='bbox 743 4093 856 4148; x_wconf 89' lang='lat' dir='ltr'><strong>oonsilio</strong></span> <span class='ocrx_word' id='word_1_350' title='bbox 880 4092 987 4148; x_wconf 88' lang='lat' dir='ltr'><strong>illorum</strong></span> <span class='ocrx_word' id='word_1_351' title='bbox 1012 4095 1139 4164; x_wconf 87' lang='lat' dir='ltr'><strong>amoniti,</strong></span> <span class='ocrx_word' id='word_1_352' title='bbox 1167 4096 1213 4163; x_wconf 91' lang='lat' dir='ltr'><strong>qui</strong></span> <span class='ocrx_word' id='word_1_353' title='bbox 1239 4097 1266 4149; x_wconf 92' lang='lat' dir='ltr'><strong>in</strong></span> <span class='ocrx_word' id='word_1_354' title='bbox 1285 4091 1401 4150; x_wconf 80' lang='lat' dir='ltr'><strong>Venetis</strong></span> <span class='ocrx_word' id='word_1_355' title='bbox 1418 4095 1604 4166; x_wconf 88' lang='lat' dir='ltr'><strong>morabantur,</strong></span> 
     </span>
     <span class='ocr_line' id='line_1_40' title="bbox 363 4179 1604 4248; baseline 0.003 -14"><span class='ocrx_word' id='word_1_356' title='bbox 363 4179 540 4234; x_wconf 81' lang='lat' dir='ltr'><strong>obellierium</strong></span> <span class='ocrx_word' id='word_1_357' title='bbox 558 4179 696 4234; x_wconf 88' lang='lat' dir='ltr'><strong>tribunum</strong></span> <span class='ocrx_word' id='word_1_358' title='bbox 715 4179 809 4234; x_wconf 89' lang='lat' dir='ltr'><strong>ducem</strong></span> <span class='ocrx_word' id='word_1_359' title='bbox 833 4179 973 4248; x_wconf 80' lang='lat' dir='ltr'><strong>elegerunt</strong></span> <span class='ocrx_word' id='word_1_360' title='bbox 999 4181 1127 4248; x_wconf 82' lang='lat'>(804)...</span> <span class='ocrx_word' id='word_1_361' title='bbox 1152 4181 1229 4236; x_wconf 87' lang='lat' dir='ltr'><strong>Tunc</strong></span> <span class='ocrx_word' id='word_1_362' title='bbox 1252 4181 1356 4236; x_wconf 88' lang='lat' dir='ltr'><strong>hisdem</strong></span> <span class='ocrx_word' id='word_1_363' title='bbox 1380 4181 1531 4239; x_wconf 89' lang='lat' dir='ltr'><strong>Obelierius</strong></span> <span class='ocrx_word' id='word_1_364' title='bbox 1556 4199 1604 4239; x_wconf 86' lang='lat' dir='ltr'><strong>au·</strong></span> 
     </span>
     <span class='ocr_line' id='line_1_41' title="bbox 363 4265 1606 4338; baseline 0.006 -20"><span class='ocrx_word' id='word_1_365' title='bbox 363 4265 456 4319; x_wconf 86' lang='lat' dir='ltr'><strong>dacter</strong></span> <span class='ocrx_word' id='word_1_366' title='bbox 480 4265 622 4320; x_wconf 86' lang='lat' dir='ltr'><strong>Venetiam</strong></span> <span class='ocrx_word' id='word_1_367' title='bbox 647 4266 772 4332; x_wconf 83' lang='lat' dir='ltr'><strong>intravit;</strong></span> <span class='ocrx_word' id='word_1_368' title='bbox 801 4267 846 4334; x_wconf 91' lang='lat' dir='ltr'><strong>qui</strong></span> <span class='ocrx_word' id='word_1_369' title='bbox 872 4281 932 4319; x_wconf 90' lang='lat' dir='ltr'><strong>cnm</strong></span> <span class='ocrx_word' id='word_1_370' title='bbox 959 4265 1055 4322; x_wconf 84' lang='lat' dir='ltr'><strong>devote</strong></span> <span class='ocrx_word' id='word_1_371' title='bbox 1079 4272 1108 4321; x_wconf 88' lang='lat' dir='ltr'><strong>et</strong></span> <span class='ocrx_word' id='word_1_372' title='bbox 1129 4267 1276 4324; x_wconf 85' lang='lat' dir='ltr'><strong>honorilice</strong></span> <span class='ocrx_word' id='word_1_373' title='bbox 1301 4285 1317 4322; x_wconf 89' lang='lat' dir='ltr'><strong>a</strong></span> <span class='ocrx_word' id='word_1_374' title='bbox 1341 4269 1442 4338; x_wconf 90' lang='lat' dir='ltr'><strong>populo</strong></span> <span class='ocrx_word' id='word_1_375' title='bbox 1461 4275 1606 4338; x_wconf 83' lang='lat' dir='ltr'><strong>susceptus</strong></span> 
     </span>
     <span class='ocr_line' id='line_1_42' title="bbox 364 4350 1533 4422; baseline -0.002 -12"><span class='ocrx_word' id='word_1_376' title='bbox 364 4358 444 4420; x_wconf 85' lang='lat' dir='ltr'><strong>esset,</strong></span> <span class='ocrx_word' id='word_1_377' title='bbox 463 4366 541 4405; x_wconf 87' lang='lat' dir='ltr'><strong>snum</strong></span> <span class='ocrx_word' id='word_1_378' title='bbox 559 4351 679 4422; x_wconf 77' lang='lat' dir='ltr'><strong>tratrem,</strong></span> <span class='ocrx_word' id='word_1_379' title='bbox 698 4350 824 4406; x_wconf 77' lang='lat' dir='ltr'><strong>videlicet</strong></span> <span class='ocrx_word' id='word_1_380' title='bbox 843 4351 956 4407; x_wconf 87' lang='lat' dir='ltr'><strong>Beatum</strong></span> <span class='ocrx_word' id='word_1_381' title='bbox 975 4353 1091 4420; x_wconf 91' lang='lat' dir='ltr'><strong>nomine,</strong></span> <span class='ocrx_word' id='word_1_382' title='bbox 1111 4353 1251 4422; x_wconf 82' lang='lat' dir='ltr'><strong>dignitatis</strong></span> <span class='ocrx_word' id='word_1_383' title='bbox 1269 4354 1334 4409; x_wconf 86' lang='lat' dir='ltr'><strong>fecit</strong></span> <span class='ocrx_word' id='word_1_384' title='bbox 1352 4353 1403 4410; x_wconf 89' lang='lat' dir='ltr'><strong>sibi</strong></span> <span class='ocrx_word' id='word_1_385' title='bbox 1422 4355 1533 4411; x_wconf 87' lang='lat' dir='ltr'><strong>socium.</strong></span> 
     </span>
    </p>
   </div>
   <div class='ocr_carea' id='block_1_10' title="bbox 0 0 1806 5276">
    <p class='ocr_par' dir='ltr' id='par_1_11' title="bbox 0 0 1806 5276">
     <span class='ocr_line' id='line_1_43' title="bbox 0 0 1806 5276; baseline 0 4"><span class='ocrx_word' id='word_1_386' title='bbox 0 0 1806 5276; x_wconf 95' lang='lat' dir='ltr'><strong> </strong></span> 
     </span>
    </p>
   </div>
  </div>
 </body>
</html>
