3572 5276
1361 361 1424 424 399

273 567 414 642 Quisquis
429 567 485 626 hoe
501 565 684 626 Constantini
700 565 897 642 fragmentum
917 569 1029 626 attente
1044 567 1126 647 legit,
1143 567 1230 628 facile
1245 568 1426 647 observabit,

229 653 344 713 narrari
367 654 396 713 in
421 671 473 730 eo,
506 652 653 727 quomodo
677 655 706 712 et
729 653 836 728 quibus
855 671 872 712 e
888 653 985 711 causis
1010 653 1203 712 chroatorum
1228 657 1306 714 vires
1329 659 1426 714 aetate

228 740 322 816 ipsius
337 741 487 815 collapsae
503 740 569 799 sint.
585 739 620 798 ln
635 739 692 798 tine
709 741 820 814 quippe
835 739 956 798 exhibet
970 757 1147 814 sagenarum
1163 758 1315 801 numerum
1330 741 1426 800 immi-

227 831 347 904 nutum,
375 843 463 902 quem
486 825 606 884 Chroati
630 825 795 884 habueruut
818 830 951 900 temporo
967 842 1019 902 eo,
1047 843 1105 901 quo
1128 828 1235 886 librum
1252 827 1288 888 de
1304 827 1426 886 admini-

229 912 351 972 strando
381 913 521 990 imperio,
549 912 683 986 adeoque
706 910 782 970 iutra
798 929 824 973 a.
843 912 1013 971 eto-952
1037 907 1154 995 (ἀρτίως
1177 911 1285 994 nunc),
1310 914 1428 990 scripsit

229 998 416 1078 (Rambaudz
438 997 593 1073 L'empire
617 1015 687 1072 grec
711 1015 750 1057 au
771 998 799 1056 X
822 997 911 1057 siecle
930 1016 960 1073 p.
980 995 1132 1078 171-2).
1163 1000 1324 1060 Numerum
1347 1001 1426 1060 hunc

229 1088 327 1145 astate
354 1084 452 1144 adhuc
482 1101 537 1143 sua
564 1079 728 1164 (ἑκβάλλει)
756 1085 896 1144 maiorem
919 1084 1026 1160 tuisse,
1051 1085 1116 1160 ipse
1142 1085 1350 1146 Constantinus
1377 1104 1425 1148 re·

228 1170 297 1249 fert,
316 1172 539 1246 collapsumque
550 1175 620 1246 post
631 1174 754 1230 mortem
767 1170 920 1230 Kresimiri
934 1171 1015 1230 ducis
1028 1173 1082 1231 sub
1098 1173 1161 1231 eius
1176 1171 1236 1231 lilio
1248 1173 1425 1252 Miroslavo;

229 1259 368 1332 viresque
391 1256 586 1317 Cbroatorum
609 1257 771 1316 maritimas
795 1262 825 1316 et
848 1261 987 1316 terestres
1010 1257 1106 1316 adbuc
1127 1260 1222 1334 magis
1248 1259 1424 1336 imminutas,

230 1342 299 1404 dum
314 1344 477 1404 Miroslavo
492 1361 511 1402 a
526 1342 602 1402 bano
616 1342 761 1418 Pribynja
776 1343 872 1402 occiso
887 1343 1002 1404 iuterna
1018 1343 1139 1403 dissidia
1155 1347 1259 1406 oborta
1275 1349 1382 1406 esseut.

273 1428 372 1503 Quare
396 1431 449 1490 illa
475 1429 595 1489 huiusce
621 1429 678 1488 loci
704 1428 897 1504 buoadusque
912 1434 1032 1504 recepta
1057 1414 1190 1512 (durarit
1217 1433 1291 1492 slov.
1319 1435 1425 1494 staret.

232 1518 369 1578 eur-2.
385 1517 557 1577 Dttmmler:
574 1516 673 1576 Ueber
689 1515 737 1574 die
752 1516 858 1574 alteste
871 1514 1047 1577 Gesehichte
1064 1517 1117 1576 der
1129 1517 1245 1578 Slawsn
1261 1519 1290 1578 ln
1305 1519 1426 1579 Dalma-

229 1603 300 1666 tien.
312 1620 343 1679 p.
360 1597 417 1685 44)
432 1603 644 1679 interpretatio,
661 1603 744 1661 iuxta
759 1618 847 1677 quam
864 1601 1018 1661 Kresimiri
1034 1604 1165 1679 regimen
1181 1606 1243 1664 sive
1259 1605 1298 1665 ad
1314 1605 1427 1664 initium

231 1689 260 1748 X
274 1688 338 1749 sive
353 1689 393 1749 ad
408 1690 532 1748 alteram
548 1689 590 1748 lx
605 1689 716 1748 saeculi
731 1689 918 1748 medietatem
933 1690 1092 1768 relegatur,
1110 1691 1232 1765 ipseque
1247 1691 1324 1751 tilius
1339 1691 1427 1768 'lipi-

230 1774 298 1834 miri
308 1776 367 1836 acti
382 1794 410 1836 a.
424 1777 486 1835 852
501 1775 623 1835 editoris
638 1779 769 1856 putatur,
786 1775 901 1834 omnino
919 1775 1077 1834 reiicienda
1092 1783 1152 1853 est;
1169 1781 1259 1852 atque
1274 1779 1427 1852 utriusque

232 1862 333 1940 ducis,
360 1861 501 1938 'Prpimiri
517 1865 547 1922 et
569 1860 740 1939 Kresimiri,
769 1863 901 1936 regimen
925 1861 964 1920 ad
988 1863 1174 1922 intervallum
1196 1860 1311 1939 imperii
1334 1865 1428 1939 ipsius

231 1947 415 2008 Constantini
441 1948 643 2023 reponendum
659 1951 713 2009 est.
738 1945 850 2020 Quodsi
873 1947 974 2022 itaque
990 1965 1062 2024 prae
1078 1951 1171 2009 oculis
1185 1949 1341 2028 habeatnr,
1358 1951 1427 2010 dum

233 2034 442 2094 Constantinus
468 2032 634 2110 praelatum
651 2050 725 2109 opus
741 2033 884 2094 scriberet
899 2031 941 2113 (a.
956 2033 1130 2115 ecs-52),
1146 2035 1340 2096 Chroatorum
1356 2054 1428 2112 gen-

232 2125 292 2181 tem
310 2122 387 2182 bello
403 2123 518 2180 interno
535 2121 725 2180 dilaceratam
745 2119 1004 2200 Miroslavumque‚
1028 2126 1112 2196 gesto
1135 2141 1188 2198 per
1204 2123 1427 2198 quadriennium

233 2208 385 2286 regimine,
410 2211 538 2267 amotum
554 2205 663 2266 luisse:
689 2207 844 2266 Kresimiri
867 2204 965 2268 exitus
980 2207 1019 2267 ad
1034 2226 1061 2268 a.
1078 2226 1104 2268 c.
1123 2211 1216 2282 945l6
1241 2210 1429 2286 reponendus

235 2311 301 2354 esse
316 2294 444 2354 videtur.
468 2293 628 2353 Censemus
649 2291 767 2370 itaque,
795 2291 974 2369 'Prpimirum
993 2294 1115 2370 eiusque
1130 2294 1221 2356 filium
1235 2297 1429 2356 Kresimirum

234 2385 302 2456 post
317 2380 530 2457 Tomislavum,
546 2380 682 2455 adeoque
696 2380 774 2439 intra
789 2397 882 2439 annos
899 2382 1101 2455 eae-etms
1118 2381 1313 2442 chroatorum
1329 2384 1427 2458 reipu-

234 2468 331 2527 blicae
343 2465 518 2542 praefuisse.
531 2466 607 2525 Huic
619 2466 738 2539 quidem
746 2467 909 2526 sententiae
918 2484 1047 2527 nonense
1056 2469 1135 2543 regis
1144 2467 1291 2529 Cresimiri
1300 2468 1431 2545 diploma

237 2551 279 2634 (u.
295 2552 372 2613 Acta
386 2571 431 2616 nr.
449 2555 500 2624 45,
516 2570 545 2629 p.
564 2550 618 2633 62)
635 2551 738 2612 favere
753 2553 887 2629 videtur,
909 2553 937 2612 in
954 2570 1012 2627 quo
1029 2553 1177 2614 Cresimiri
1197 2549 1364 2631 „maioris“‚
1381 2556 1431 2630 qui

232 2641 380 2700 Drtislavi
397 2645 482 2716 pater
498 2645 552 2716 est,
568 2640 663 2699 banus
677 2637 848 2721 „Pribyna“
861 2640 978 2699 nomine
994 2640 1159 2700 adducitur.
1176 2641 1243 2701 Non
1259 2647 1304 2702 est
1320 2642 1430 2718 quippe

235 2727 444 2805 inverisimile,
469 2727 576 2786 banum
591 2725 690 2803 illum,
711 2725 761 2800 qui
775 2726 966 2784 Miroslavum
982 2727 1147 2807 occiderat,
1164 2729 1219 2790 sub
1236 2729 1327 2804 ipsius
1343 2734 1428 2804 patre

234 2814 294 2874 iarn
310 2813 482 2890 dignitatem
499 2812 622 2872 eandem
638 2810 777 2890 gessisse,
791 2816 880 2886 atque
896 2818 1009 2873 mortuo
1025 2814 1188 2874 Kresimiro
1205 2815 1244 2874 ad
1259 2833 1429 2891 supremum

234 2901 265 2959 in
280 2899 433 2976 republica
449 2898 589 2958 bonorem
605 2898 763 2973 aspirasse.
781 2897 955 2974 Opinionem
971 2905 1100 2959 nostram
1114 2907 1287 2976 argumento
1300 2921 1316 2962 s
1328 2902 1430 2961 catha·

235 2987 305 3062 logo
320 3002 443 3045 romano
457 2981 584 3066 (Farlati
596 2984 620 3066 1,
634 2984 709 3060 334)
723 2984 902 3044 desumendo
919 3003 977 3045 uon
991 2983 1148 3063 firmamus,
1169 3006 1206 3046 cx
1223 3006 1313 3064 opere
1328 2993 1431 3064 utpote

234 3077 265 3132 st
279 3072 434 3133 recentiori
451 3077 481 3129 et
495 3087 600 3146 parurn
616 3069 685 3130 fido.
703 3069 746 3130 Cf.
763 3065 948 3151 dprrnonm:
973 3065 1124 3134 Ioanne
1140 3069 1294 3134 Caesarue
1316 3093 1339 3133 rr
1362 3069 1431 3133 Bn-

235 3154 351 3220 sanris
373 3176 420 3219 nn
441 3151 477 3217 X
499 3175 530 3218 n.
554 3173 625 3239 erp.
650 3151 831 3218 124-130.

231 3279 240 3310 ¹
257 3276 275 3330 i.
294 3291 317 3331 e.
337 3275 372 3331 ob
390 3281 501 3346 pactum
519 3272 587 3328 illud
606 3288 665 3328 cum
684 3289 706 3328 s.
724 3271 788 3328 sede
807 3289 919 3330 romana
936 3273 969 3329 de
987 3291 1054 3344 pace
1072 3293 1131 3332 curn
1157 3277 1279 3334 finitimis
1307 3279 1433 3348 gentibus

192 3363 334 3420 servanda.
353 3363 386 3420 V.
405 3379 440 3418 nr
461 3365 512 3417 202
525 3379 552 3430 p.
565 3365 624 3416 397.
692 3361 819 3430 'navigii
838 3363 951 3430 species.
972 3363 1004 3419 V.
1022 3365 1101 3431 epist.
1118 3365 1249 3420 vLusloviei
1266 3367 1292 3419 ll
1311 3366 1375 3436 imp.
1399 3365 1435 3420 ad

189 3449 325 3505 Basiliam
343 3450 408 3519 ἰωρ.
426 3451 453 3504 in
472 3451 564 3505 chron.
583 3449 682 3504 saleru.
701 3464 724 3502 c.
739 3451 796 3502 107.
815 3447 981 3517 Ducangs:
999 3447 1116 3504 Glossur.
1131 3450 1200 3504 med.
1215 3458 1244 3506 et
1261 3452 1370 3508 infimae
1387 3453 1434 3506 lat.

191 3537 226 3592 as
244 3538 270 3591 n.
290 3554 314 3590 v.
387 3537 454 3591 ·or.
479 3517 639 3592 roboretis
664 3535 736 3590 unse
754 3539 841 3590 venet.
867 3534 985 3604 gonnors
1004 3519 1119 3602 (κοντός
1139 3537 1240 3606 brevis,
1259 3520 1434 3606 tisicratis)

192 3623 342 3693 liu-Congo
360 3623 472 3693 glossar.
491 3622 561 3677 med.
579 3623 690 3691 graccit.
709 3621 752 3676 ud.
771 3622 800 3675 b.
817 3639 841 3674 v.
915 3621 924 3650 ⁴
942 3621 1088 3678 Manifests
1107 3623 1135 3677 in
1153 3623 1241 3678 locum
1262 3624 1434 3695 „Kresimir“,

195 3709 343 3779 Krbsimir‚
368 3711 414 3779 qui
439 3710 569 3779 Trpimiri
592 3709 665 3764 filius
690 3707 742 3762 luit
761 3711 797 3778 (v.
817 3723 855 3763 nr.
879 3709 963 3778 202).
1038 3710 1081 3763 ⁵i.
1102 3727 1124 3764 e.
1144 3709 1315 3766 Miroslarus.
1390 3711 1434 3765 li.

195 3813 219 3852 s.
239 3797 381 3868 Pribynja.
399 3797 539 3852 Miklotit:
558 3795 610 3851 Die
628 3795 698 3852 Bild.
717 3795 766 3850 der
784 3795 848 3850 slav.
867 3795 1077 3852 Personcnnanr.
1096 3813 1136 3851 nr.
1156 3799 1217 3852 297.
1279 3799 1437 3854 inurnerus

197 3884 385 3954 conduratum,
404 3885 468 3940 item
486 3884 624 3950 equitatus
643 3890 672 3937 et
688 3881 826 3952 peditatus
845 3881 891 3936 hic
909 3882 962 3938 loci
981 3883 1112 3938 excidisse
1135 3883 1250 3938 ridetur.

752 4179 880 4254 204.

190 4288 215 4349 t.
231 4289 278 4350 su.

319 4405 426 4472 Veneti
448 4403 648 4472 Nurentcuos
672 4406 854 4473 Dalmatiae
872 4407 919 4472 bis
938 4405 1065 4489 frustra
1086 4404 1323 4492 oppresiiuutur.

241 4527 300 4594 His
322 4526 435 4594 diebus
458 4533 583 4596 mortuo
606 4529 703 4595 Petro
726 4531 806 4596 duce
828 4528 1016 4609 Balarario,
1047 4530 1101 4612 qui
1123 4537 1250 4596 rexerat
1273 4529 1438 4596 ducatum²

199 4632 291 4698 annis
316 4637 343 4713 3,
368 4633 520 4701 successit
542 4633 657 4700 Petrus
682 4632 874 4712 Candienus,
899 4633 1051 4698 antedicti
1076 4631 1180 4700 Petril
1203 4631 1287 4699 filius
1301 4683 1308 4697 .
1323 4683 1352 4697 ..
