3494 5410
349 337 410 400 160

344 541 469 607 nomine
491 536 601 620 Cicha,
625 559 695 607 cum
718 541 863 616 omnihus
886 541 1046 608 sororibus
1060 541 1239 608 uolentibus
1253 541 1316 606 illis
1331 539 1525 624 amplissima
1540 539 1581 607 de

345 643 420 710 fisco
437 644 522 709 ciuili
537 645 621 712 dona
636 643 788 712 conferre.
805 643 897 721 Quod
912 663 1048 726 namque
1059 645 1132 711 dum
1146 643 1330 726 diligencius
1341 649 1580 728 perscrutantes

344 749 607 833 inuestigaremus
622 748 700 816 illud
714 749 789 814 inde
801 767 927 816 cassare
938 749 1124 830 studuimus,
1140 749 1225 833 quod
1237 749 1425 816 cassandum
1436 753 1468 814 et
1479 748 1579 830 impo-

345 854 453 922 ssihile
468 854 509 921 ad
532 853 765 922 obseruandum
786 855 1019 938 perspeximus:
1040 855 1143 920 inerat
1164 854 1317 938 siquidem
1334 853 1392 932 ei,⁶
1413 861 1449 918 ut
1464 852 1490 918 si
1507 853 1580 937 quis

347 979 385 1026 ex
406 959 549 1026 omnibus
571 958 662 1026 bunis
691 959 881 1028 monasterio
912 977 1011 1041 usque
1040 958 1082 1025 ad
1110 958 1283 1026 formellam
1314 959 1398 1024 casei
1428 959 1581 1025 uiolenter

347 1063 489 1150 (rapere)
512 1071 719 1152 presumeret,
742 1064 953 1132 anathematis
969 1065 1094 1132 uinculo
1110 1085 1149 1132 ex
1168 1064 1303 1147 templo⁷
1324 1064 1486 1146 ligaretur.
1511 1061 1581 1140 Quo

346 1170 415 1236 iure
438 1169 551 1236 abraso
575 1175 681 1236 cetera
703 1175 858 1254 perpetua
890 1169 1064 1237 stabilitate
1094 1166 1219 1236 firmare
1250 1169 1409 1236 salubrius
1438 1167 1580 1235 decreui-

348 1292 427 1353 mus‚
453 1276 498 1339 ita
520 1273 647 1357 quidem
669 1281 705 1341 ut
726 1274 831 1341 nullus
853 1275 894 1341 de
917 1275 1001 1342 clero
1025 1275 1076 1342 uel
1105 1275 1238 1360 populo,
1269 1293 1384 1358 magna
1404 1273 1458 1341 uel
1479 1291 1582 1356 parua

348 1396 493 1461 persona,
518 1379 674 1461 ingenuus
697 1380 750 1446 uel
772 1398 892 1460 seruus,
916 1379 956 1445 ab
978 1379 1051 1447 inde
1073 1380 1105 1445 in
1137 1386 1232 1447 antea
1247 1379 1427 1462 'quicquam
1453 1377 1580 1443 auferre

346 1490 525 1571 presumat3
549 1483 633 1565 quod
657 1485 683 1550 si
706 1485 934 1566 presumpserit
956 1491 989 1552 et
1011 1484 1180 1551 emendare
1203 1489 1277 1567 post
1287 1485 1411 1550 hactum
1424 1481 1581 1563 querimo-

345 1589 428 1654 niam
452 1589 628 1656 resistando
651 1589 796 1675 noluerit,
828 1588 1038 1656 anathematis
1067 1590 1192 1656 uinculo
1223 1589 1401 1672 inpanitens
1431 1586 1582 1652 inodatus

346 1693 493 1760 intereat.
515 1693 657 1776 Excepto
686 1693 811 1776 quando
842 1694 930 1776 prior
958 1711 1034 1775 sepe
1065 1694 1148 1761 dicte
1180 1694 1316 1760 ciuitatis
1344 1710 1403 1777 pro
1426 1689 1582 1758 communi

323 1795 326 1804 '
347 1797 484 1865 utilitate
506 1799 643 1864 omnium
665 1799 839 1866 concinium
863 1799 915 1864 uel
940 1796 1041 1865 filius⁸
1063 1801 1131 1865 eius
1142 1801 1247 1879 inerit,
1270 1800 1324 1865 uel
1339 1816 1430 1864 suum
1442 1797 1582 1880 legatum

347 1903 566 1983 transmiserit,
592 1901 829 1990 (excipiantur);
853 1903 939 1986 quad
951 1908 1058 1970 tamen
1077 1923 1147 1970 cum
1165 1905 1249 1973 omni
1263 1904 1431 1971 honestate
1446 1909 1480 1970 et
1493 1919 1582 1968 men·

348 2026 423 2075 sura
443 2005 509 2073 liat.
532 2005 601 2074 Hoc
623 2007 759 2089 denique
781 2007 982 2091 promulgato
1005 2009 1210 2075 acclamatum
1232 2015 1300 2076 est:
1328 2009 1373 2088 „si
1395 2005 1578 2091 placeretl“

348 2111 572 2179 succlamatum
594 2129 719 2194 quoque
741 2118 792 2180 est
813 2112 879 2196 (ab)
903 2113 1063 2180 omnibus:
1091 2113 1245 2195 „placet“.

433 2238 603 2314 Registrum
619 2238 740 2298 membr.
756 2239 786 2296 in
801 2239 977 2298 monasterio
993 2255 1016 2298 s.
1032 2239 1145 2299 Mariae
1160 2239 1288 2300 Jaderae
1302 2237 1353 2303 iol,
1372 2231 1508 2298 15'-1o.

433 2326 461 2385 J.
476 2325 601 2385 Lucius:
625 2324 662 2384 de
678 2342 761 2402 regn.
777 2325 875 2386 Dalm.
892 2330 923 2385 et
937 2323 1036 2387 Oroat.
1053 2326 1101 2389 lib.
1117 2326 1156 2402 ΙΙ,
1173 2345 1199 2386 c.
1219 2327 1256 2386 16
1272 2345 1302 2402 p.
1321 2327 1391 2386 102.
1414 2323 1528 2384 Farlati
1544 2323 1580 2400 V,

266 2453 270 2465 .
392 2413 529 2474 49-50.
545 2411 617 2472 God.
633 2411 705 2488 dipl.
721 2411 804 2473 GSD.
820 2412 844 2488 Ι,
864 2413 934 2474 143.

432 2500 467 2558 In
482 2501 610 2576 registro
628 2498 784 2559 adducitur
806 2499 941 2575 praefata
958 2504 1033 2578 ‚nota
1055 2499 1271 2578 chronologica,
1294 2500 1325 2559 in
1340 2516 1400 2575 qua
1415 2497 1535 2558 indictio
1550 2499 1582 2558 et
1641 2551 1649 2572 ,

391 2591 496 2663 epacta
518 2585 650 2664 apprime
672 2585 866 2659 concordant,
892 2603 984 2646 annus
999 2591 1112 2646 tantum
1127 2589 1204 2646 male
1228 2587 1381 2663 appositus
1397 2591 1459 2645 est:
1487 2579 1579 2664 „mill

390 2673 450 2735 XO.
460 2673 545 2818 ‹le
559 2691 670 2819 'utrempe
685 2690 738 2751 pro
756 2675 843 2758 „mill
861 2673 922 2734 XO.
939 2667 1032 2733 11111“
1050 2675 1107 2734 rel.
1124 2674 1160 2753 V,
1177 2673 1218 2734 ita
1239 2679 1272 2732 ut
1286 2674 1301 2732 1
1316 2673 1461 2734 excidisse
1477 2671 1579 2733 eristi·

391 2779 459 2820 man
480 2777 528 2820 um
544 2777 589 2821 sr.
1571 2789 1574 2796 ·

385 2877 543 2933 ¹'Pntamus
561 2878 602 2933 ita
619 2877 747 2949 compleri
764 2893 844 2948 posse
862 2877 914 2933 hcc
931 2891 1029 2934 nomen
1046 2892 1080 2932 ex
1098 2892 1143 2945 eu,
1169 2875 1241 2946 quod
1263 2876 1357 2933 Bonus
1381 2881 1444 2933 ante
1463 2893 1487 2932 a
1513 2877 1580 2930 1103

351 2979 417 3035 „per
435 2965 529 3034 longos
547 2966 648 3021 aunoa“
667 2964 794 3035 Belgradi
813 2965 957 3036 episcopus
975 2964 1078 3020 fuisset.
1097 2964 1250 3020 Policcrion
1267 2983 1294 3036 p.
1316 2967 1356 3018 lt.
1375 2964 1480 3020 Farlati
1496 2961 1544 3032 IV,
1556 2966 1582 3020 6.

348 3049 411 3106 cod.
431 3049 497 3120 dipl.
516 3051 590 3108 OSD.
608 3051 642 3106 Π.
660 3054 685 3106 9.
775 3055 785 3082 ²
809 3049 938 3106 Forsitan
961 3050 1087 3106 mendum
1112 3051 1216 3107 librarii
1240 3051 1299 3107 loco
1321 3051 1359 3106 M.
1385 3052 1449 3121 quia
1472 3050 1582 3106 manius

346 3151 418 3195 anuo
436 3139 560 3208 sequenti
577 3139 663 3195 abhas
680 3139 829 3194 adducitur.
895 3137 1003 3208 ’quod
1069 3137 1169 3193 ⁴licet.
1235 3139 1324 3207 ‘qua
1385 3139 1451 3194 ‘aa
1470 3137 1581 3208 scriptu.

352 3227 415 3281 'ex
432 3225 522 3296 triplo.
595 3225 702 3282 'aliua

903 3505 1029 3580 132-

347 3613 369 3680 l.
385 3635 404 3677 a.
420 3615 568 3678 tots-lot.

391 3744 618 3812 Monnsterium
642 3763 667 3810 s.
691 3744 844 3811 Johanuis
859 3744 1010 3828 Belgradi
1028 3741 1162 3827 acquirit
1177 3741 1237 3810 sub
1253 3741 1360 3808 lindio
1375 3742 1492 3808 abbate
1507 3758 1582 3824 pos·

347 3849 505 3916 sessiones
528 3855 563 3915 et
584 3857 686 3916 terras
709 3850 741 3915 in
763 3849 932 3924 Hrastani,
955 3849 1082 3928 hesum,
1110 3848 1242 3928 Garios,
1268 3847 1402 3926 Naresh,
1426 3846 1583 3927 Nabreze,

347 3953 480 4034 Jeltani,
505 3953 647 4036 Sidraga,
671 3955 812 4034 Kutuno,
836 3954 893 4020 sub
918 3961 1025 4020 munte
1047 3973 1088 4021 ss.
1113 3951 1229 4021 Cosme
1251 3959 1285 4020 et
1306 3951 1462 4031 Damiani‚
1485 3957 1583 4034 atque

344 4057 377 4123 in
400 4058 482 4124 ualle
507 4058 642 4125 Sustine.

433 4183 509 4244 Vide
523 4201 576 4245 nro
594 4185 667 4248 133.
682 4185 820 4246 45-58.
