3602 5304
363 375 425 439 266

360 587 415 643 τοῦ
431 581 524 642 αὐτοῦ
538 573 666 662 κάστρου
681 540 868 663 ὑπάρχουσαν
883 577 964 663 μήλια
994 583 1157 644 teremtes
1180 575 1271 658 quasi
1293 575 1479 654 concludut3
1504 582 1600 658 atque

359 681 497 768 τέσσαρα
531 681 595 754 ήτις
628 683 677 742 καὶ
711 678 794 768 μέχρι
826 688 881 742 τοῦ
914 689 962 742 νῦν
980 680 1065 747 'inde
1095 680 1136 746 ad
1167 679 1284 746 flumen
1306 679 1597 762 proficiscebantur.

357 789 493 849 καλεῖται
520 783 633 848 Rasna
662 775 710 848 lul
740 785 777 846 τὸ
807 785 964 871 συγκλείειν
994 784 1063 851 Hac
1096 785 1193 868 igitur
1222 784 1456 866 permutatione
1490 784 1598 850 multis

356 887 425 962 τοὺς
458 878 655 976 διερχομένους
689 889 810 952 ἐκεῖθεν.
847 889 896 951 aen
930 889 963 951 ὲκ
993 887 1199 968 annutante,
1224 880 1405 970 suav'iqm
1428 893 1516 953 trans
1540 883 1598 951 tlu-

356 1000 416 1055 τῶν
440 992 532 1056 ἐκεῖσε
553 991 723 1080 ἀπήρχοντο
743 992 811 1079 πρὸς
833 993 886 1056 τὸν
908 1014 963 1055 πο-
993 991 1271 1072 menhabitabaut,
1288 993 1342 1073 qui
1354 997 1388 1058 et
1400 989 1498 1058 Abari
1511 989 1599 1073 dicti,

357 1095 462 1184 ταμόν,
501 1095 539 1159 τὰ
572 1087 621 1158 οὖν
653 1104 786 1161 τοιοῦτον
820 1094 963 1184 ἀλλάμον
993 1116 1027 1163 re
1044 1096 1243 1168 considerata
1256 1097 1598 1162 dixeruntintensese:

358 1201 405 1262 επὶ
438 1202 557 1272 πολλοῖς
589 1185 735 1286 γινόμενον
772 1199 898 1287 χρόνοις,
936 1203 962 1262 οἱ
995 1200 1146 1288 „Romani
1170 1187 1211 1280 hi,
1232 1219 1271 1266 ex
1294 1217 1356 1281 quo
1378 1200 1514 1284 primum
1534 1205 1599 1264 tra·

266 1363 275 1382 ,
357 1303 469 1367 ἐκεῖθεν
503 1311 558 1365 τοῦ
587 1311 726 1389 ποταμοῦ
757 1301 904 1388 Σκλάβοι,
939 1306 965 1366 οἱ
994 1303 1138 1370 iecerunt
1167 1304 1382 1385 praedamque
1406 1302 1488 1370 nacti
1513 1307 1597 1386 suut,

355 1408 407 1470 καὶ
429 1405 551 1494 Ἀβαροι
573 1405 764 1495 καλούμενοι,
794 1407 866 1470 καθ’
894 1409 961 1470 tau·
992 1426 1152 1489 nunquam
1176 1407 1322 1474 traiicere
1346 1408 1510 1486 desinent3
1536 1405 1597 1471 ita-

356 1510 425 1584 τοιλς
454 1511 622 1582 ἑοκότηοαν
651 1511 787 1599 λέγοντες
815 1510 862 1574 ὅτι
883 1503 964 1574 οὗτοι
994 1529 1055 1593 que
1078 1511 1197 1594 aliquid
1217 1517 1328 1576 contra
1349 1510 1597 1577 machinemur“.

356 1611 546 1702 οἱῬωμᾱνοι,
570 1615 633 1678 ἐπεὶ
654 1613 797 1701 ἐπέρασαν
815 1617 865 1677 καὶ
883 1607 961 1701 εὗρον
991 1615 1060 1682 Ηοο
1092 1617 1190 1698 igitur
1227 1615 1358 1682 oonsilio
1394 1613 1496 1680 Sclaui
1532 1614 1599 1680 sive

357 1708 490 1804 πραεδαν,
513 1717 573 1782 ἀπὸ
588 1727 643 1781 τοῦ
657 1727 705 1780 νῦν
727 1718 799 1780 καθ’
821 1723 904 1804 ήμῶν
928 1721 961 1780 οὐ
992 1718 1106 1799 Aburi,
1146 1738 1216 1784 oum
1254 1718 1388 1785 Romani
1427 1717 1598 1798 aliquando

358 1820 521 1884 παύσονται
540 1813 739 1909 δαπανῶντες
752 1823 802 1884 καὶ
814 1812 862 1885 tat
872 1831 963 1886 τοῦτο
993 1820 1109 1888 flumen
1131 1824 1394 1903 transmisissent,
1419 1822 1532 1904 positis
1551 1822 1599 1886 in·

357 1925 596 2013 μηχανησόμεθα
630 1926 697 1989 κατ’
731 1929 838 1989 αὐτῶν.
870 1925 963 2000 οὓτως
994 1927 1083 1992 sidiis
1100 1926 1170 1994 illos
1186 1928 1289 1992 adorti
1305 1931 1531 2010 oppugnarunt
1552 1926 1598 1990 ui·

359 2021 579 2112 οὖνολΣκλάβοι
594 2033 621 2092 ot
638 2029 964 2117 Ἀβαροιβουλτυσάμε
995 2037 1184 2112 teruntque
1209 2049 1244 2096 ac
1267 2032 1400 2112 sumptis
1416 2048 1525 2096 eorum
1549 2048 1600 2094 ar-

356 2155 407 2219 vos,
422 2135 472 2196 καὶ
480 2123 717 2222 διαπερασάντων
726 2133 802 2197 ποτέ
816 2143 877 2197 τῶν
892 2131 966 2197 Ῥω·
994 2135 1053 2199 mis
1075 2135 1197 2202 vexillis
1212 2141 1246 2201 el
1260 2135 1390 2217 reliquis
1411 2133 1508 2218 signis
1530 2133 1599 2198 bal·
1651 2158 1656 2175 ¹

356 2234 455 2323 μάνων
473 2237 646 2310 ποιήσαντες
668 2231 748 2300 οὗτοι
770 2237 964 2326 ἑγκρύμματα
993 2238 1080 2316 licis,
1127 2239 1261 2306 traiecto
1302 2238 1457 2321 praedicti
1495 2235 1600 2303 Sciaui

358 2342 407 2403 καὶ
435 2341 657 2427 πολεμήσαντες
685 2342 818 2412 ἐνίκησαν
846 2341 961 2414 αὐτούς.
992 2340 1121 2409 flumine
1133 2337 1175 2408 ad
1184 2343 1360 2409 clausuram
1373 2361 1497 2409 venere.
1512 2339 1599 2418 Quos

357 2446 407 2506 καὶ
429 2445 643 2531 ἀναλαβόμενοι
662 2445 703 2508 τοὶ
718 2467 754 2508 τε
768 2443 850 2508 ὅπλα
864 2449 963 2508 αὐτῶν
993 2445 1048 2512 ubi
1081 2447 1229 2512 viderunt
1261 2446 1411 2526 Romani,
1447 2444 1501 2526 qui
1534 2444 1600 2510 illie

358 2547 469 2610 καὶτὰ
492 2547 651 2636 ρλάμουλα
666 2551 716 2614 καὶ
737 2550 779 2612 τὰ
801 2549 890 2613 λοιπαὶ
909 2571 964 2612 πο·
995 2551 1143 2617 excubias
1166 2551 1314 2634 agebant,
1344 2549 1522 2632 conspectis
1544 2565 1598 2614 ue·

358 2651 465 2739 λεμυιά
502 2665 628 2740 σημεῖα,
674 2645 901 2741 διαπεράσαντες
937 2658 964 2717 ot
993 2655 1075 2719 uillis
1099 2659 1133 2720 et
1155 2658 1316 2720 armatura
1335 2653 1501 2737 gentilium
1524 2669 1597 2730 suo·

358 2755 552 2844 προειρήμένοι
580 2753 712 2840 Σκλάβοι
741 2757 794 2821 τὸν
827 2757 964 2845 ποταμὸν
993 2775 1080 2837 rum,
1116 2757 1252 2840 gentiles
1275 2776 1329 2824 eos
1353 2775 1424 2822 esse
1447 2774 1523 2822 suos
1547 2774 1598 2821 ar·

357 2853 455 2930 ήλθον
484 2866 522 2933 εἰς
551 2860 607 2930 τήν
636 2867 812 2950 αλασοῦραν.
843 2861 891 2935 οὓς
913 2865 962 2926 καὶ
991 2862 1113 2941 bineli,
1130 2879 1199 2927 oum
1216 2861 1257 2926 ad
1273 2861 1450 2926 clausuram
1462 2857 1599 2942 praelati

359 2956 468 3038 ἰδόντες
482 2965 509 3028 et
524 2965 615 3029 tactos
627 2965 708 3039 ὄντες
719 2963 871 3054 'Populea
888 2968 963 3030 θεα-
995 2965 1099 3032 Sclavi
1122 2964 1339 3044 accessissent,
1368 2965 1537 3031 transitum
1560 2963 1599 3028 iis

359 3067 476 3156 σάμενοι
506 3059 540 3133 δέ
568 3069 610 3132 τὰ
639 3068 799 3157 φλάμουλα
827 3073 878 3133 καὶ
907 3070 963 3138 τήν
993 3069 1212 3152 permiserunt.
1250 3067 1314 3134 Sed
1336 3067 1512 3134 intromissi
1534 3067 1597 3133 Ro·

359 3172 500 3258 ὲξόπλισιν
514 3183 575 3236 τῶν
591 3172 746 3262 ὁμοφύλων
765 3177 874 3250 αὐτῶν,
897 3173 965 3246 τοὺς
994 3191 1107 3240 manos
1124 3173 1239 3255 oppido
1256 3172 1454 3255 expulerunt,
1470 3190 1529 3238 nee
1536 3189 1599 3239 non

359 3279 457 3340 αὐτῶν
491 3275 652 3365 ὁμοφύλους
685 3275 755 3340 εἶναι
784 3277 962 3364 νομίσαντες,
993 3278 1089 3343 etiam
1120 3277 1283 3343 laudatam
1313 3276 1425 3342 urbem
1449 3274 1598 3342 Salonam

358 3382 443 3452 ήνίαα
462 3379 630 3462 κατέλαβον
642 3384 668 3444 ot
680 3378 811 3464 Σκλάβοι
833 3384 859 3444 οἱ
881 3403 965 3468 προρ-
996 3387 1204 3463 occuparunt3
1228 3379 1334 3462 ibique
1346 3379 1474 3446 sedibus
1487 3379 1599 3462 positis

360 3483 500 3574 ρηθέντες
520 3490 557 3558 εἰς
579 3484 635 3556 τήν
656 3487 839 3573 κλεισοῦραν,
872 3507 963 3572 παρε-
993 3485 1145 3567 paulatim
1175 3503 1215 3550 ex
1244 3501 1282 3549 eo
1313 3489 1457 3566 tempore
1487 3482 1599 3564 incipi·

359 3589 496 3677 χώρησαν
505 3591 604 3662 αὐτοῖς
612 3579 746 3652 διελθεῖν.
756 3580 924 3662 διελθόντα
932 3579 965 3653 δὲ
994 3593 1084 3679 entes
1097 3587 1243 3670 praedari
1259 3587 1418 3654 Romanos
1432 3586 1465 3652 in
1481 3587 1600 3667 campis

359 3691 447 3765 εὐθὺς
462 3691 530 3765 τοὺς
546 3690 711 3780 Ῥωμάνους
723 3685 803 3756 οὗτοι
819 3692 963 3776 ἐξήλασαν
993 3699 1026 3759 et
1048 3693 1080 3756 in
1101 3692 1178 3758 iocis
1208 3689 1396 3757 editioribus
1417 3689 1600 3757 habitantes

259 3849 264 3859 .
358 3797 407 3858 καὶ
429 3795 485 3865 τήν
501 3793 629 3858 Σαλῶνα
644 3795 681 3858 τὰ
696 3795 895 3884 προειρημένον
910 3794 965 3859 κά-
997 3797 1181 3862 deleverunt
1211 3812 1384 3877 eorumque
1413 3794 1484 3858 loca
1511 3792 1599 3859 iuva-

357 3924 441 3988 στρον
464 3899 637 3989 ἐκράτησαν.
661 3904 711 3964 καὶ
729 3901 959 3974 κατοικήσαντες
988 3907 1107 3967 serunt.
1151 3899 1256 3967 Ceteri
1295 3917 1369 3966 vero
1399 3897 1533 3992 Romani
1565 3898 1598 3963 in

357 4009 448 4068 ἐκεῖσε
467 4007 574 4067 ἔκτοτε
597 4003 679 4070 anea
699 4003 796 4092 μικρὸν
811 4003 961 4092 ἀρξάμενοι
991 4023 1066 4071 orae
1103 4004 1280 4070 maritimae
1317 4002 1443 4085 oppidis
1479 4001 1599 4067 servati

357 4098 514 4194 πραιδεύειν
543 4107 611 4182 τοὺς
640 4106 806 4196 Ῥωμάνους
834 4107 903 4182 τούς
925 4115 962 4182 εἰς
992 4114 1075 4186 sunt,
1103 4127 1205 4190 eaque
1227 4108 1399 4174 etiamnum
1422 4110 1543 4184 teuent,
1565 4109 1600 4172 et

357 4212 425 4284 τοὺς
446 4209 581 4300 κάμπους
603 4214 653 4275 καὶ
675 4218 712 4286 εἰς
735 4215 777 4275 τά
795 4211 962 4300 ὑψηλότερα
992 4219 1066 4278 sunt
1088 4215 1165 4278 ista:
1190 4211 1350 4288 Isensium,
1376 4207 1597 4291 Aspalathum,

356 4315 427 4404 με’ρτ.
440 4325 650 4388 κατοικοῦντας
664 4315 814 4402 ἠφάνισαν,
830 4318 880 4378 καὶ
894 4317 963 4390 τοὺς
993 4310 1256 4399 Tetrangurium,
1300 4313 1458 4388 Diadora,
1497 4310 1595 4390 Arba,

355 4420 466 4493 τόπους
494 4422 593 4484 αὐτῶν
615 4417 850 4507 κατεκράτησαν.
881 4424 908 4484 ot
930 4411 963 4484 δὲ
991 4421 1090 4488 Vecla
1112 4425 1146 4485 et
1169 4421 1311 4501 Opsara3
1346 4434 1519 4506 eorumque
1540 4415 1597 4483 ha-

356 4528 452 4589 λοιποὶ
466 4523 610 4612 ‘Pupam
625 4530 662 4598 εἰς
679 4524 721 4587 aa
742 4533 797 4597 τῆς
819 4525 963 4611 παραλίας
991 4526 1147 4604 bllatores
1158 4525 1190 4590 in
1201 4521 1390 4588 hodiernum
1403 4521 1598 4602 usquediem

358 4628 472 4716 κάστρα
499 4621 701 4700 διεσώθησαν,
732 4627 886 4715 καὶμέχρι
908 4639 963 4692 τοῦ
992 4629 1125 4696 Romani
1148 4631 1378 4709 nuncupantur.
