3572 5276
378 367 441 430 442

376 570 466 653 licia,
495 577 680 655 praestante
710 574 835 642 domino
867 581 976 643 nostro
1010 575 1090 642 Jesu
1119 573 1262 662 Christo,
1294 576 1343 642 cui
1375 575 1417 643 sit
1449 577 1550 644 honor
1581 581 1617 643 et

376 675 480 760 gloria
500 677 534 741 in
557 677 684 743 saecula
705 678 913 744 saeculorum.
937 678 1049 744 Amen.

420 780 532 847 Divisa
548 799 624 862 ergo
641 781 681 847 de
704 782 810 847 carnis
831 784 991 866 ergastulo
1011 783 1116 848 anima
1130 782 1228 865 ipsius
1251 784 1396 849 ascendit
1410 784 1452 848 ad
1476 801 1621 865 superea,

375 891 412 949 ut
434 884 620 965 obsequium
637 887 886 967 compraeberet,
910 887 942 950 in
966 889 1033 952 eius
1057 889 1253 953 ascensione.
1278 887 1383 968 atque
1406 893 1513 953 tantus
1538 888 1619 955 odor

378 987 418 1054 ab
448 988 517 1053 eius
547 1005 680 1069 corpore
702 989 862 1055 resolutus
892 995 950 1069 est,
981 995 1018 1054 ut
1041 991 1180 1055 omnium
1203 996 1378 1057 aromatum
1411 989 1517 1057 tumus
1538 993 1620 1058 exci-

377 1091 464 1158 disse
485 1091 657 1158 rideretur.

420 1194 512 1260 Nunc
542 1195 583 1261 ad
614 1214 662 1273 ea,
694 1212 775 1277 quae
805 1201 879 1277 post
908 1197 1148 1263 tumulationem
1178 1197 1319 1279 corporis
1351 1195 1435 1263 lecta
1468 1202 1559 1275 sunt,
1584 1197 1617 1260 in

376 1303 484 1365 mente
517 1300 639 1365 animus
668 1298 808 1366 fidelium
831 1299 980 1382 erigatur.
1004 1299 1054 1364 Ad
1077 1300 1145 1367 eius
1168 1317 1305 1382 namque
1327 1299 1443 1366 famam
1466 1320 1484 1365 e
1507 1299 1617 1365 vicinis

378 1403 523 1484 partibus
552 1420 668 1486 magna
700 1403 887 1468 accurrebat
916 1403 1085 1470 multitudo
1117 1423 1180 1469 non
1202 1404 1302 1470 solum
1326 1403 1559 1470 Anconensium
1584 1411 1619 1468 et

377 1506 586 1572 Firmensium
617 1507 675 1573 scd
705 1508 800 1573 etiam
832 1525 850 1573 c
881 1507 1060 1590 longinquis
1091 1508 1243 1588 partibus,
1275 1515 1311 1573 ut
1333 1509 1373 1573 ab
1403 1507 1618 1590 omnipotente

378 1611 437 1676 deo
461 1617 494 1675 et
515 1611 743 1676 intercessione
767 1611 867 1676 sancti
891 1610 1059 1676 Gaudentii
1092 1611 1280 1693 sospitatem
1303 1612 1499 1678 diversorum
1521 1629 1617 1675 mem·

377 1713 504 1779 brorum
536 1713 576 1779 de
605 1712 841 1780 infirmitatibus
871 1715 1021 1795 consequi
1052 1721 1198 1796 possent.
1229 1715 1273 1780 Et
1295 1715 1369 1795 quia
1398 1715 1475 1780 deus
1501 1715 1616 1791 lumen,

378 1816 463 1897 quod
494 1819 533 1882 ab
565 1819 632 1899 ipso
663 1817 816 1898 procedit,
847 1820 879 1882 in
913 1819 1053 1885 tenebris
1084 1819 1184 1884 latere
1215 1837 1277 1883 non
1308 1817 1472 1900 permittit,
1504 1819 1560 1884 sed
1581 1823 1618 1883 ut

378 1937 506 1986 suorum
537 1938 635 2000 opera
665 1920 809 2005 luceant,
842 1927 878 1985 ut
899 1923 968 2003 ipse
992 1921 1086 1986 dixit:
1122 1939 1246 2005 ,opera
1270 1939 1353 2002 quae
1376 1940 1435 2003 ego
1459 1921 1552 1998 facio,
1584 1927 1618 1985 et

377 2023 498 2088 maiora
526 2023 638 2088 horum
668 2020 824 2104 iacietis“,
857 2029 946 2090 tanta
975 2025 1198 2091 miraculorum
1227 2024 1380 2090 beneficia
1402 2026 1489 2090 iuxta
1512 2025 1629 2106 sepul,

378 2127 487 2191 chrum
509 2127 594 2193 beati
618 2127 677 2191 viri
698 2125 784 2193 facta
812 2127 1058 2211 conspiciuntur,
1084 2133 1120 2192 ut
1143 2127 1408 2209 conspicientibus
1430 2128 1532 2208 nobis,
1563 2128 1617 2207 qui

377 2231 481 2296 adhuc
512 2249 734 2315 supersumus,
766 2231 909 2314 quidam,
934 2233 987 2312 qui
1009 2231 1173 2313 Philippus
1196 2231 1384 2314 vocabatur,
1409 2250 1428 2297 a
1451 2232 1616 2296 daemonio

378 2337 534 2415 arreptus,
563 2333 718 2400 liberatus
749 2341 817 2412 est;
851 2335 1006 2416 quaedam
1038 2335 1152 2400 mulier
1181 2333 1366 2413 1111111111,δ
1398 2354 1418 2400 a
1451 2335 1616 2400 daemonio

378 2441 515 2517 arrepta,
539 2436 675 2502 liberata
697 2443 764 2516 est;
787 2443 820 2504 et
843 2458 862 2503 a
885 2435 1035 2515 febribus,
1059 2457 1079 2502 a
1100 2437 1245 2521 paralysi,
1277 2443 1371 2504 etex
1394 2439 1464 2504 aliis
1486 2436 1617 2502 infirmi·

379 2540 498 2606 tatibus
528 2547 562 2606 et
588 2540 723 2607 diversis
745 2542 864 2607 morbis
895 2541 1141 2606 innumerabiles
1163 2541 1299 2607 liberati.
1324 2540 1428 2623 Supra
1449 2542 1616 2625 tumulum,

378 2643 433 2710 ubi
456 2641 596 2726 quotidie
626 2643 791 2727 lampades
821 2646 1045 2724 accenduntur,
1077 2645 1175 2727 ipsius
1198 2645 1358 2712 multoties
1385 2650 1458 2726 post
1480 2661 1617 2726 quarun-

379 2746 452 2813 dam
483 2747 704 2814 extinctionem
743 2749 789 2812 ita
819 2765 972 2813 accensae
1002 2747 1221 2830 reperiuntur,
1263 2765 1300 2814 ac
1342 2749 1369 2812 si
1404 2747 1546 2814 studiose
1576 2747 1617 2814 ab

378 2849 486 2932 aliquo
520 2867 674 2917 accensae
708 2850 955 2917 custodirentur.
988 2849 1163 2916 Jadrenses
1197 2868 1273 2917 vero
1306 2851 1365 2916 sub
1398 2851 1505 2934 aliquo
1538 2859 1618 2916 tem-

379 2973 457 3036 pore
490 2953 523 3018 in
561 2952 748 3034 ecclesiam,
793 2953 847 3019 ubi
897 2971 1010 3036 corpus
1051 2954 1138 3020 beati
1180 2953 1238 3018 viri
1276 2951 1463 3035 requiescit,
1505 2956 1618 3020 animis

379 3056 654 3124 imvalescentibus
701 3057 820 3124 intrare
866 3057 1093 3124 contendentes
1135 3062 1168 3122 et
1211 3056 1392 3123 linteamina
1447 3057 1618 3125 extrahere

378 3166 411 3227 et
433 3161 506 3242 alia,
537 3178 620 3242 quae
650 3160 861 3242 inapparatu
895 3159 1044 3226 basilicae
1075 3160 1216 3226 distensa
1238 3159 1374 3239 fueraut,
1404 3160 1449 3226 ibi
1472 3161 1619 3242 percussi

379 3264 419 3330 de
441 3265 576 3331 ecclesia
598 3265 718 3346 aliquid
749 3265 912 3342 dilaniare,
943 3264 1121 3331 distrahere
1148 3270 1181 3329 et
1213 3282 1327 3345 rapere
1359 3263 1426 3330 sire
1450 3265 1620 3332 extrahere

377 3385 441 3433 non
462 3371 642 3450 potuerunt.
666 3367 831 3433 Teutonici
849 3386 934 3454 vero,
958 3368 1012 3449 qui
1027 3367 1174 3438 viderunt
1188 3373 1333 3448 paratam
1348 3367 1485 3446 domum,
1501 3386 1618 3450 magno

379 3489 449 3536 oum
483 3471 624 3538 exercitu
657 3472 698 3537 ad
734 3489 804 3536 eam
836 3470 1031 3537 descendere
1060 3470 1260 3536 festinarunt.
1291 3469 1336 3534 Et
1366 3469 1472 3536 dinuo
1504 3472 1620 3552 spiritu

378 3574 506 3654 quidam
535 3573 669 3641 accessit
691 3580 724 3641 et
745 3574 892 3639 liberavit
914 3574 1050 3652 domum,
1082 3573 1125 3638 ad
1147 3590 1241 3653 quam
1264 3573 1370 3638 nullus
1392 3591 1502 3639 eorum
1527 3591 1618 3640 acoe-

379 3678 455 3745 dere
477 3679 598 3762 potuit3
622 3684 657 3743 et
677 3677 797 3744 illaesa¹
813 3680 859 3742 sic
882 3677 992 3744 domus
1009 3677 1192 3758 permansit.
1216 3676 1409 3760 Angelorum
1431 3695 1508 3742 voro
1530 3677 1620 3743 chori

378 3780 540 3847 multoties
564 3780 624 3846 visi
648 3786 722 3846 sunt
744 3783 777 3845 in
799 3785 902 3864 nocte,
920 3781 1018 3845 ‘inter
1040 3799 1120 3862 quos
1143 3786 1291 3862 aspectus
1314 3779 1486 3846 Gaudentii
1508 3781 1619 3847 risibi-

377 3884 451 3951 liter
473 3883 633 3966 apparuit,
656 3890 820 3950 cantantes
843 3885 999 3950 canticum
1022 3885 1158 3950 domino.

462 4008 532 4068 Vita
555 4025 579 4068 a.
604 4006 778 4085 Gaudentii,
813 4024 900 4082 quam
924 4007 1079 4086 Philippus
1102 4007 1250 4083 Riceputti
1276 4024 1353 4067 anno
1378 4009 1460 4066 1714
1487 4007 1621 4082 Cropaaa

423 4093 560 4173 (Charta,
576 4091 660 4171 Oros)
677 4111 693 4153 e
710 4093 890 4169 membrana,
916 4099 1063 4154 vetustate
1080 4095 1138 4153 ism
1153 4110 1282 4170 corrosa,
1300 4093 1541 4167 quasquoddam
1558 4111 1622 4154 arna

423 4197 488 4240 oum
510 4198 634 4256 corpore
660 4178 818 4240 Gaudentii
842 4179 870 4239 in
895 4197 970 4239 urna
992 4182 1105 4241 inclusa
1129 4178 1219 4239 fuisse
1246 4178 1426 4258 perhibetur,
1450 4177 1621 4256 descripsit

420 4267 552 4329 Farlati:
568 4266 652 4340 Illyr.
670 4284 745 4326 sacr.
761 4265 797 4346 V,
818 4267 954 4325 186-7.

465 4354 551 4412 Vitae
562 4357 666 4416 auctor
679 4351 796 4426 quidam
810 4350 970 4410 monachus
982 4371 1004 4411 s.
1021 4351 1133 4411 Mariae
1146 4353 1253 4412 Portus
1263 4349 1340 4410 Noui
1353 4368 1446 4426 prope
1456 4351 1620 4428 Anconam,

425 4439 609 4515 synchronus
624 4443 653 4498 et
668 4437 810 4496 lumbaris
832 4437 923 4512 ipsius
939 4437 1107 4517 Garrdeutii,
1131 4456 1196 4498 csse
1212 4437 1351 4514 creditur,
1368 4437 1447 4513 quod
1463 4443 1621 4514 contextus

425 4531 526 4585 tenore
542 4523 707 4587 confirmari
723 4524 849 4584 ridetur.
