3480 5284
321 284 392 398 '24

347 540 445 620 meis,
474 537 625 605 uidelicet
646 533 813 616 Armenio,
847 535 1003 616 Polemio,
1034 534 1196 620 iohanne,
1234 533 1394 603 Gelestiuo
1417 539 1452 602 et
1472 551 1584 602 sorore

346 651 458 711 nosue
471 643 610 722 hlurca,⁴
625 647 659 708 et
674 659 744 706 curu
758 640 927 724 nepotibus
941 643 1057 736 nostris
1072 638 1212 720 Tetrulo,
1227 639 1374 721 ldartino,
1390 639 1582 718 Alexandro,

348 749 505 828 iohanne,
528 746 670 832 Paulino,
694 745 840 829 Georgia
863 744 1044 826 Pancreciq
1068 751 1194 811 etcum
1213 743 1278 812 filio
1293 753 1370 838 meo·
1388 745 1484 812 Pleso
1515 761 1584 811 ser·

348 871 472 920 monem
494 850 624 918 fecimus
646 851 745 917 etita
767 845 998 916 ordinauimus‘:
1028 849 1177 918 rudelieet
1207 849 1390 936 collegimus
1419 850 1503 916 inter
1524 867 1586 916 nus

337 959 531 1042 pecuniam,
562 955 770 1037 dedimusque
800 973 869 1021 cem
896 955 1005 1036 Piceo,
1035 960 1072 1020 ut
1098 947 1283 1036 obsequium
1314 953 1374 1022 deo
1404 952 1518 1035 facim,
1547 959 1589 1020 ut

352 1053 499 1131 aedificet
520 1061 684 1128 ecclesiam
705 1060 737 1126 in
759 1058 911 1127 honorem
932 1059 1018 1126 beati
1038 1058 1203 1126 Michaelis
1225 1049 1463 1142 archangelici
1483 1058 1590 1126 sancti

350 1168 440 1234 Petri
470 1165 606 1251 apostoli
636 1169 669 1232 et
697 1163 782 1231 beati
808 1163 937 1230 Martini
966 1163 1117 1246 episcopi.
1153 1163 1196 1229 Et
1217 1165 1262 1230 sic
1284 1161 1516 1243 ordinamus,
1548 1169 1590 1229 ut

352 1272 529 1354 quicunque
551 1275 664 1353 postea
684 1268 785 1336 fuerit
802 1268 842 1335 de
866 1268 957 1342 tribu
974 1275 1092 1349 nostra,
1115 1274 1151 1335 ut
1173 1261 1291 1350 aliquid
1310 1267 1413 1335 dieue
1427 1267 1586 1350 largiatur

355 1361 517 1455 ecclesiae,
541 1375 739 1442 substanciae
761 1371 883 1438 scilieet
904 1373 1035 1452 stabilis,
1058 1379 1229 1455 ntegrum
1250 1371 1303 1440 uel
1326 1371 1463 1440 domum.
1495 1369 1589 1438 Feci-

352 1500 421 1547 mus
444 1479 535 1560 enim‚
559 1484 596 1545 ut
617 1478 751 1545 ecelesia
763 1479 828 1544 ista
844 1477 886 1543 sit
900 1477 1083 1544 memoriale
1098 1477 1210 1544 domus
1226 1493 1266 1542 ac
1280 1475 1420 1542 familiae
1435 1483 1586 1542 nestrae:

351 1592 394 1653 ut
408 1585 513 1651 nullus
537 1584 578 1650 sit
599 1600 764 1666 possessor
792 1601 849 1648 seu
877 1581 1040 1648 ordinator
1068 1581 1221 1648 ecelesiae
1247 1580 1424 1648 huiusmodi
1454 1581 1589 1662 eiusque

352 1691 515 1770 bonorum,
536 1691 597 1755 nisi
619 1688 740 1770 posteri
762 1687 830 1753 siue
851 1684 1005 1752 haeredes
1020 1685 1120 1752 nostri
1135 1705 1172 1754 ex
1188 1685 1272 1752 linea
1285 1685 1497 1753 masculorum
1516 1687 1588 1751 siue

353 1795 538 1863 feminarum
553 1791 736 1876 procreati,⁵
758 1810 883 1874 semper
906 1792 966 1874 (et)
989 1791 1226 1874 perpetualiter.
1258 1787 1293 1856 Si
1313 1810 1392 1858 uero
1414 1789 1512 1856 fuerit
1536 1808 1588 1856 sa-

354 1900 465 1968 cerdos
488 1899 528 1964 de
549 1898 634 1964 tribu
649 1901 766 1974 nostra,
790 1897 977 1978 praesbyter
999 1897 1066 1962 siue
1087 1895 1268 1980 monachus,
1291 1901 1328 1961 ut
1343 1894 1507 1979 possideat
1521 1893 1588 1960 dic·

353 2011 418 2071 tam
441 2003 615 2086 ecclesiam,
638 2019 720 2065 unus
743 2005 815 2082 pest
836 1999 941 2066 alium.
966 1997 1000 2065 Si
1014 2005 1119 2066 autem
1135 2018 1198 2066 nou
1212 1997 1309 2068 fuerit
1323 1999 1364 2067 de
1378 1998 1463 2066 trihu
1478 2004 1590 2066 nostre

354 2108 539 2192 praesbyter
569 2111 624 2171 aut
653 2103 839 2184 monachus,
870 2111 906 2170 ut
935 2105 1036 2171 tribus
1066 2109 1175 2172 nestra
1196 2103 1405 2171 saecularium
1427 2103 1590 2170 hominum

357 2213 454 2296 eligat
472 2211 669 2293 capellanum
691 2209 871 2291 quemlihet.
905 2208 950 2274 Et
970 2208 1101 2276 fecimus
1124 2208 1183 2274 hoc
1206 2225 1275 2274 cum
1305 2208 1493 2276 consffioet
1515 2226 1591 2274 con-

337 2335 452 2384 sensu
475 2313 727 2382 reuerendissimi
749 2318 782 2380 et
804 2313 977 2396 dignissimi
1000 2312 1129 2379 Martini
1144 2311 1372 2396 archiepiscopi
1387 2311 1591 2395 spalatensis.

355 2421 400 2488 ut
422 2421 448 2486 si
470 2420 582 2502 aliquis
604 2418 741 2486 uoluerit
762 2416 868 2484 iacere
890 2409 1001 2486 contra
1019 2418 1114 2484 istam
1134 2417 1364 2485 ordinationem
1386 2413 1456 2482 siue
1476 2417 1591 2490 uoluta

356 2529 454 2592 tatem
474 2527 632 2602 nostram,
663 2523 742 2588 iram
772 2521 824 2588 dei
855 2540 952 2604 super
981 2539 1016 2588 se
1044 2522 1160 2589 haheat
1182 2527 1217 2590 et
1238 2521 1332 2588 cadat
1353 2519 1386 2586 iu
1408 2525 1592 2590 sauctorum
1715 2592 1716 2621 ¹

355 2634 480 2713 patrum
502 2627 754 2694 maledictionem
776 2632 809 2692 et
827 2644 899 2692 cunr
920 2625 1006 2706 luda
1029 2623 1194 2693 Scherioth
1216 2625 1332 2708 iugiter
1357 2626 1526 2692 crucietur.

444 2735 470 2794 Ε
485 2736 588 2795 tabula
609 2733 786 2794 fundationis
809 2734 951 2794 ecelesiae
966 2750 990 2793 s.
1005 2733 1157 2794 Michaelis
1179 2731 1305 2794 balenae
1319 2749 1413 2810 prope
1427 2733 1593 2810 amphitea-

379 2823 380 2828 ’
400 2827 487 2900 trum,
504 2839 579 2897 quae
591 2823 620 2881 in
632 2820 752 2882 archivo
769 2820 872 2881 domus
890 2820 1065 2880 Oindrianae
1077 2820 1189 2897 Spalsti
1202 2821 1420 2898 asservabatur,
1435 2818 1594 2898 descripsit

401 2913 431 2970 et
452 2909 513 2969 suis
535 2909 722 2969 collectaneis
743 2908 864 2968 inseruit
884 2908 912 2968 J.
937 2907 1063 2986 Lucius,
1087 2906 1164 2967 unde
1179 2907 1341 2984 desumpsit
1355 2907 1484 2968 Parieti:
1507 2907 1592 2984 Illyr.

401 3013 477 3057 saer.
493 2995 547 3072 ΙΙΙ,
567 2998 637 3057 111.
653 2995 725 3055 (lod.
739 2993 813 3071 dipl.
830 2994 913 3055 OSD.
928 2995 953 3072 1,
972 2996 1022 3056 96.
1553 3001 1554 3006 ’

444 3083 589 3144 Tabulam
605 3081 682 3142 hanc
697 3099 734 3143 ex
749 3077 935 3159 autographo
951 3079 1072 3159 tardius,
1089 3080 1168 3140 haud
1183 3085 1252 3142 aute
1263 3082 1412 3141 saeculnm
1421 3079 1504 3158 XIII,
1524 3097 1594 3142 eon·

402 3170 507 3231 factam
523 3172 768 3245 rehaetatamque
789 3167 889 3248 fuisse,
913 3185 970 3228 non
987 3169 1100 3244 absque
1115 3169 1228 3228 radone
1242 3168 1408 3244 suspicatur
1422 3167 1462 3228 u.
1478 3167 1509 3228 S.
1525 3167 1594 3228 Dri-

402 3274 476 3320 nov:
498 3249 647 3316 homnae
668 3249 838 3316 camene
857 3274 883 3314 nr
902 3250 1069 3314 Busanriar
1086 3273 1133 3314 nn
1153 3249 1188 3314 X
1210 3248 1315 3314 ehieh.
1341 3247 1591 3318 Moerea1876.

270 3349 272 3358 ’
401 3362 430 3422 p.
448 3345 500 3405 89.
586 3377 589 3383 Δ

396 3446 404 3479 ¹
422 3443 534 3500 Rectius
552 3442 700 3511 „Samuel‘¹
719 3442 791 3512 Orig.
810 3441 966 3500 membrana
989 3441 1103 3504 forsitan
1127 3440 1224 3497 habuit
1248 3440 1379 3498 initialem
1397 3446 1504 3497 tantum
1520 3440 1594 3498 litte·

358 3547 416 3586 ram
433 3530 460 3585 S.
479 3545 559 3599 quam
577 3529 705 3584 librarius
724 3529 869 3600 complevit
881 3529 988 3600 legens:
1009 3528 1211 3598 „S(tephanus).
1230 3527 1262 3582 In
1281 3527 1387 3598 reliquo
1405 3527 1495 3598 potnit
1512 3528 1594 3583 etiam

359 3618 482 3688 Samuel,
508 3617 728 3688 quemadmodum
747 3615 866 3672 eiusdem
890 3617 1028 3674 fratruelis
1052 3617 1173 3672 Josnnes
1197 3615 1382 3680 madelmus,
1407 3613 1460 3670 duo
1483 3614 1596 3670 neruine

359 3705 471 3762 habere·
541 3705 603 3760 ²cf.
618 3689 724 3772 flucre,
741 3690 851 3774 benuo,
868 3690 977 3756 lleuro.
994 3703 1157 3761 Milsdinor:
1172 3707 1344 3772 samam
1356 3719 1481 3771 napopn
1493 3706 1592 3756 nim

340 3795 341 3800 ’
359 3813 387 3866 p.
405 3797 465 3850 529.
484 3793 591 3849 Statius
608 3791 641 3864 V,
660 3797 702 3848 st.
764 3793 773 3824 ⁵
791 3791 948 3862 Dircislsus‚
967 3809 1042 3849 error
1055 3791 1159 3848 librarii
1171 3791 1286 3861 legentis
1302 3808 1319 3844 a
1336 3797 1367 3846 ut
1379 3807 1411 3844 c:
1429 3789 1592 3858 Dirziulsns¹

359 3880 507 3938 Derhislav.
528 3880 568 3936 Cf.
587 3897 627 3936 nr.
646 3884 688 3936 44.
761 3884 770 3912 ⁴
789 3879 828 3936 Cf.
846 3881 966 3951 Mrlrep'a,
984 3879 1087 3936 Mrem.
1106 3879 1246 3936 tuitione:
1264 3877 1318 3934 Die
1335 3876 1452 3949 Bildnng
1467 3877 1516 3935 der
1528 3878 1593 3935 slav.

359 3967 603 4026 Persouennanren.
622 3984 663 4023 nr.
682 3970 741 4022 231.
814 3967 825 3999 ⁵
841 3975 1053 4038 procreatorum.
