3602 5304
1429 351 1490 416 203

303 561 499 623 insitntionem
516 561 709 622 antibarensis
724 561 786 621 sive
806 555 1025 645 ,diocletanae“
1050 561 1194 622 eeclesiae
1209 561 1248 621 ad
1263 565 1378 640 tempus
1393 579 1489 639 papae

296 647 454 732 Stephani,
471 649 656 726 imperatoris
671 647 823 709 Michaelis
835 653 865 708 et
876 650 955 726 regis
971 647 1123 725 Svetcpllni
1138 647 1246 710 refert:
1266 655 1314 725 ,et
1328 652 1403 712 sicut
1417 649 1461 710 inf
1478 682 1489 693 -

294 737 366 798 riori
381 736 548 798 Dalmatiae
563 736 755 797 salonitanam
768 736 922 796 eeclesiam
935 737 1082 796 constituit
1092 738 1286 813 metropolim,
1303 739 1388 798 simili
1401 737 1488 797 modo

294 823 439 901 superiori
456 823 651 884 diocletanam
662 823 818 883 ecelesiam
831 841 885 900 pro
900 824 963 882 iure
979 823 1099 898 antiquo
1115 827 1280 884 statuerunt
1294 825 1487 901 metropolim,

294 911 350 972 snb
374 911 457 971 cuins
479 911 621 988 regimine
644 909 699 970 has
714 910 856 970 ecclesias
871 909 1076 988 declararunt,
1093 910 1414 988 scilieetAntibarinm,
1431 913 1488 971 Bu·

295 999 394 1082 duam,
411 998 579 1076 Ecatarum,
595 997 782 1074 Duloignum,
808 997 954 1076 Suacium,
980 997 1130 1072 Scodram,
1146 998 1326 1076 Drivastnm,
1344 999 1488 1076 Poletum,

293 1085 438 1163 serbiam,
456 1085 624 1158 Bosouium,
640 1085 822 1164 lbibuninm,
839 1082 1096 1164 Zac(b)ulmium“.
1112 1084 1151 1145 at
1165 1088 1253 1161 paulo
1269 1103 1376 1162 supra:
1396 1084 1486 1168 „inie-

293 1173 364 1234 riori
378 1173 545 1234 Dalmatiae
562 1219 569 1234 .
587 1220 594 1234 .
611 1171 734 1232 instituit
749 1173 942 1232 salonitanam
955 1172 1109 1232 ecclesiam
1125 1173 1318 1251 metropolim,
1335 1174 1389 1233 snb
1406 1174 1488 1233 enine

294 1261 436 1337 regimine
452 1260 506 1319 lias
521 1259 661 1320 ecclesias
677 1259 786 1336 statuit,
803 1259 941 1320 videlicet
956 1257 1119 1338 Spalatum,
1141 1259 1334 1338 Tragurium,
1358 1260 1487 1334 §currin-

295 1365 373 1423 nam,
390 1347 585 1425 massonam,
602 1347 681 1422 qnod
697 1363 774 1408 nuno
789 1350 834 1406 est
849 1347 1011 1425 castellum,
1028 1346 1158 1422 Jadram,
1173 1344 1333 1425 Annonam,
1346 1351 1487 1426 Arbnnm,

294 1433 459 1512 Absarum,
475 1434 601 1510 Veglam
616 1437 645 1492 et
659 1433 851 1512 Epirenrum,
875 1434 953 1508 quod
973 1451 1051 1493 nune
1066 1433 1171 1492 dicitur
1187 1430 1379 1508 Ragusium“.
1404 1436 1488 1508 ernd

293 1523 318 1582 si
334 1520 381 1582 hie
396 1521 571 1597 cathalogus
587 1537 652 1580 oum
667 1521 772 1582 litteris
786 1520 946 1581 Alexandri
963 1521 993 1580 Il
1009 1520 1105 1595 quoad
1128 1521 1352 1602 antibarensem,
1378 1527 1408 1582 et
1422 1541 1486 1582 cnm

295 1609 369 1670 actis
384 1608 519 1669 editionis
534 1611 652 1668 nostrae
667 1606 766 1684 quoad
780 1609 976 1684 spalatensem
993 1608 1146 1667 ecelesiam
1163 1606 1339 1688 conferatur,
1356 1609 1487 1685 quisquis

295 1694 530 1756 animadvertet:
547 1695 719 1770 scriptorem
734 1695 850 1770 utrique
866 1695 1009 1754 ecelesiae
1024 1697 1112 1755 talem
1127 1699 1157 1755 et
1173 1695 1312 1754 ambitum
1328 1701 1358 1757 et
1374 1697 1488 1756 dicere-

295 1783 370 1843 sinm
386 1799 538 1843 nnmerum
554 1781 730 1859 assignasse,
747 1783 850 1858 quales
865 1780 984 1841 fueraut
998 1799 1050 1841 suo
1066 1786 1217 1860 tempore,
1244 1782 1362 1844 dimidio
1378 1785 1488 1844 seilicet

295 1871 415 1931 saeculo
430 1870 498 1930 XII.

288 1973 297 2005 ¹
314 1969 332 2024 i.
351 1985 374 2024 e.
394 1976 569 2026 catanensem.
634 1971 729 2040 ²puto
747 1968 841 2024 eadem
859 1984 929 2038 quae
947 1975 975 2026 et
996 1967 1190 2038 ,balsamant
1217 1969 1349 2025 Thsiner:
1368 1971 1486 2025 Menum.

252 2057 350 2114 Slavor
367 2056 460 2112 merid.
479 2057 500 2126 1,
518 2059 578 2112 226.
635 2057 674 2112 ⁸i.
693 2072 716 2110 e.
731 2056 923 2113 stromensem.
981 2057 1135 2113 ‘Drinasto
1153 2057 1188 2114 ad
1206 2055 1319 2112 fluvium
1337 2057 1397 2112 Risi
1417 2057 1490 2127 (Dri-

250 2147 338 2214 nessi)
357 2161 390 2201 ex
408 2144 536 2200 orientali
554 2144 634 2215 plaga
651 2144 768 2200 Sondrae
787 2161 880 2201 nemus
899 2146 1121 2215 septentrionem.
1195 2145 1205 2176 ⁵
1224 2145 1347 2214 „Palati¹‘
1368 2147 1441 2214 regio
1455 2145 1489 2200 ad

252 2234 466 2304 septentrionem
485 2232 573 2301 Drini,
592 2231 639 2287 ubi
657 2233 702 2287 hic
720 2229 819 2288 fluvius
838 2232 872 2287 ad
890 2232 1026 2288 meridiem
1039 2247 1135 2287 versus
1146 2249 1220 2288 mare
1233 2232 1327 2288 tendit.
1408 2233 1419 2264 ⁸
1434 2233 1451 2287 i.
1465 2250 1488 2288 e.

250 2321 417 2376 Dalmatiam
436 2321 612 2391 superiorem,
630 2336 647 2375 a
665 2319 784 2389 Ragusic
812 2319 890 2374 infra.
981 2320 1220 2390 'subintelligitur
1243 2321 1324 2390 regio,
1349 2323 1490 2376 continens

250 2407 378 2465 nonullae
390 2409 527 2478 eeclesias,
546 2421 615 2477 quae
633 2407 706 2462 ultra
724 2407 877 2462 Dalmatiae
896 2407 1043 2476 superioris
1060 2406 1161 2462 limites
1179 2409 1248 2464 sitae
1267 2415 1352 2477 erata,
1370 2407 1405 2462 ad
1423 2423 1490 2477 quas

253 2497 363 2552 omnino
381 2496 535 2564 serbiensis,
553 2496 696 2552 bostrensis
714 2501 742 2550 et
759 2495 938 2550 tribuniensis
956 2495 1137 2564 pertinebant.
1220 2497 1290 2551 ⁸lta
1308 2495 1491 2552 restituendus

252 2590 295 2641 cst
318 2583 464 2640 verborum
488 2583 553 2640 crdo
577 2585 741 2654 apographi:
770 2582 964 2649 ,pontificatus
987 2581 1087 2636 domini
1114 2583 1262 2638 Alexandri
1286 2599 1372 2654 papae
1397 2584 1431 2651 11,
1450 2584 1490 2638 in·

250 2671 369 2728 dictione
387 2671 448 2740 XII,
466 2671 558 2726 datum
576 2672 678 2726 Romae
695 2671 746 2724 XV
763 2670 896 2726 kalendas
919 2670 1022 2739 aprilis,
1048 2687 1144 2726 manus
1162 2671 1237 2726 Petri
1255 2671 1408 2728 cancellarii
1434 2672 1490 2726 nice

250 2758 352 2816 domiui
370 2761 501 2828 annonis,
521 2759 680 2816 coloniensis
699 2757 906 2827 archiepiscopi,
926 2771 997 2813 anno
1016 2759 1119 2813 sexto“.

811 2933 936 3007 153.

250 3041 309 3103 tina
324 3060 344 3102 r.
359 3041 416 3102 toto.

251 3161 396 3247 Sanctius
417 3161 603 3246 spalatensis
625 3160 681 3226 aab
704 3158 827 3226 Joanaa
854 3161 955 3247 tapeto
977 3164 1100 3226 sanant
1118 3161 1284 3246 pontificis,
1307 3164 1342 3225 in
1369 3181 1431 3243 praa
1454 3161 1491 3226 de

374 3265 595 3349 reformatione
617 3267 692 3332 clatri
716 3268 769 3348 ,in
791 3267 890 3350 capite
913 3274 941 3330 et
963 3268 997 3330 in
1018 3265 1179 3330 membris“
1206 3265 1364 3350 uastatur.

297 3389 470 3475 (Dabralis,
497 3389 751 3472 archiepiscopus
773 3389 988 3472 spalatensis),
1012 3407 1081 3454 cum
1098 3395 1183 3456 esset
1198 3394 1313 3472 potens
1329 3396 1362 3456 et
1378 3381 1492 3456 nobilis

252 3512 312 3562 nec
334 3493 417 3562 leret
439 3497 553 3579 aliquis
576 3514 672 3562 ausus
696 3499 767 3561 acte
783 3495 850 3562 eius
866 3494 1112 3581 reprehendere,
1137 3495 1285 3578 quiequid
1308 3495 1369 3563 sibi
1388 3496 1491 3579 place·

250 3601 316 3686 bat,
339 3600 400 3668 hoc
421 3601 517 3668 licere
540 3601 682 3684 putabat.
713 3599 864 3667 Habebat
886 3619 1023 3682 namque
1054 3600 1217 3668 mulierem
1241 3606 1274 3667 et
1297 3598 1377 3667 lilios
1400 3599 1490 3682 qnasi

248 3705 360 3788 laicus,
384 3725 463 3788 quos
487 3725 591 3773 secum
614 3708 647 3771 in
669 3706 930 3788 archiepiscopali
961 3705 1079 3789 palatio
1102 3706 1247 3787 tenebat;
1278 3711 1381 3772 totum
1411 3724 1488 3772 uero

249 3812 445 3897 episcopium
467 3813 590 3879 nonnisi
614 3813 773 3895 uagitibus
801 3813 1006 3895 paruulorum
1030 3816 1063 3878 et
1086 3811 1269 3877 ancillarum
1300 3811 1487 3877 tumultibus

250 3923 322 3986 erat
344 3917 482 4000 plenum.
506 3917 651 4000 Negotiis
674 3917 791 4002 quippe
808 3917 1022 3984 saecularibus
1038 3917 1227 4001 implicatus,
1251 3917 1407 3983 modicum
1424 3917 1487 3998 spi·

249 4023 380 4090 ritualia
402 4023 626 4106 procurabat..

295 4127 375 4194 Cum
397 4133 503 4194 autern
526 4127 664 4195 enormis
694 4128 761 4194 uita
782 4127 940 4212 pontificis
964 4145 1086 4194 summo
1112 4125 1226 4195 fuisset
1247 4127 1387 4210 pontifici
1409 4147 1487 4192 nuu-

249 4233 349 4300 oiata:
374 4232 481 4298 statim
512 4232 598 4298 misit
628 4233 784 4315 quendam
813 4235 972 4316 legatum,
1006 4219 1184 4300 iohannem
1213 4232 1356 4311 nomine,
1386 4232 1489 4298 uirum

250 4335 345 4404 ualde
369 4338 536 4420 prouidum
561 4344 594 4402 et
616 4336 798 4404 discretum·
822 4337 883 4416 Qui
904 4338 945 4404 ad
961 4345 1070 4421 partes
1086 4338 1155 4404 illas
1171 4338 1335 4418 accedens,
1359 4355 1489 4420 congre-

248 4449 325 4528 gata
348 4442 468 4526 synodo
497 4441 734 4524 inquisitionem
764 4442 868 4526 eoepit
896 4443 1002 4510 lacere
1030 4445 1063 4509 in
1094 4442 1196 4526 capite
1218 4448 1252 4510 et
1273 4443 1305 4507 in
1328 4443 1485 4508 membris.

248 4548 386 4614 Etcum
416 4547 533 4615 crimen
564 4547 712 4615 Dabralis
743 4548 969 4632 archiepiscopi
1000 4553 1087 4617 esset
1115 4547 1289 4614 noterium:
1321 4548 1426 4628 coepit
1453 4565 1487 4613 se

249 4651 373 4719 friuolis
396 4651 640 4736 allegationibus
663 4673 829 4735 excusam
854 4655 979 4722 dicebat
994 4655 1087 4740 enim,
1103 4653 1299 4738 praedictam
1322 4653 1486 4718 mulierem
