3604 5276
1390 355 1451 421 827

268 565 361 630 Anno
386 564 461 629 822.
484 563 650 630 Exercitus
673 563 713 631 de
735 562 829 630 ltalia
900 563 991 630 Anno
1006 561 1090 629 bunc
1101 568 1253 644 sequente
1267 560 1358 645 (822)
1371 560 1459 628 dom-

225 675 356 753 propter
366 668 607 736 Liudewitieum
621 669 738 735 bellum
755 685 827 734 eon·
857 686 917 734 nus
938 666 1113 749 imperator
1134 662 1363 751 (Hludowieus)
1386 683 1460 733 oon-

225 774 391 841 fieiendum
423 774 456 839 iu
484 772 678 840 Pannoniam
712 773 826 839 missus
855 778 984 838 ventum
1007 772 1185 856 generalem
1209 772 1293 854 eolre
1314 769 1407 838 iussit
1428 771 1461 834 in

226 886 285 958 est,
298 881 436 946 adonius
444 878 613 944 adventum
624 877 827 962 Lindenius,
858 877 942 954 loeo,
976 877 1063 942 euius
1093 883 1143 943 est
1171 875 1357 942 vocabulum
1378 874 1460 940 Atti·

227 984 326 1052 Sisaia
337 985 464 1051 civitate
476 983 595 1062 relicte,
612 983 652 1048 ad
665 981 828 1066 Sarabos,¹
859 983 966 1050 niaous
979 1033 986 1046 .
1001 1032 1029 1047 ..
1053 981 1237 1048 Exercitum
1257 998 1333 1047 sane
1348 980 1460 1046 eodem

227 1108 308 1171 quae
342 1089 428 1156 nabo
466 1108 611 1173 magnam
647 1089 826 1155 Dalmatiae
856 1089 942 1154 misit
973 1093 1117 1170 tempore
1151 1087 1191 1154 de
1225 1087 1319 1152 ltalia
1349 1089 1460 1152 eontra

227 1201 350 1278 partem
371 1194 514 1261 obtinere
529 1193 653 1274 dieitur,
676 1193 827 1276 fugiendo
857 1193 1058 1260 Lindevitum
1088 1191 1120 1258 in
1150 1190 1355 1258 Pannoniam.
1388 1187 1457 1268 Quo

227 1318 262 1367 se
284 1298 433 1379 eontulit,
469 1305 502 1365 et
530 1316 592 1364 uno
623 1317 662 1365 ex
693 1298 824 1364 ducibus
855 1298 909 1364 ille
932 1298 1104 1364 consistere
1135 1315 1198 1362 uon
1227 1295 1353 1377 valens,
1385 1314 1459 1379 pro·

227 1423 336 1472 eorum
366 1423 386 1469 a
416 1421 477 1485 quo
511 1413 655 1485 receptus
685 1408 735 1470 est
766 1422 824 1485 per
854 1403 955 1484 priam
984 1401 1110 1483 reliquit
1141 1401 1318 1482 civitatem,
1353 1404 1388 1468 et
1417 1400 1459 1467 ad

227 1509 333 1574 dolum
355 1507 540 1592 interiecto,
575 1507 733 1574 ciuitatem
757 1507 825 1574 eius
855 1508 1013 1589 quendam
1025 1506 1202 1573 Dalmatiae
1216 1505 1389 1589 principem
1404 1525 1458 1571 ve·

226 1615 258 1680 in
281 1631 369 1680 suam
392 1613 515 1695 redegit
531 1613 695 1679 dicionem.
720 1612 827 1678 Missis
858 1612 959 1691 niens,
991 1611 1031 1677 ab
1054 1630 1091 1678 eo
1114 1615 1281 1692 susceptus
1304 1611 1458 1687 estintra

226 1725 334 1785 tamen
364 1720 404 1784 ad
434 1719 603 1785 exereitum
625 1718 826 1799 imperatoris
856 1717 1024 1783 divitatem.
1056 1714 1117 1794 Qui
1139 1721 1245 1782 tamen
1275 1733 1367 1782 versa
1388 1716 1458 1782 viee

225 1824 339 1910 legetis
362 1823 437 1900 suis,
462 1824 502 1889 ad
526 1823 592 1889 eius
616 1823 825 1904 praesentiam
855 1827 1070 1905 susceptorem
1100 1838 1192 1888 suum
1216 1820 1289 1888 dolo
1312 1819 1456 1902 eonieeit,

227 1948 262 1996 se
285 1928 367 1995 velle
389 1927 497 1994 venire
519 1927 671 2010 promisit.
856 1933 889 1994 et
910 1927 1069 1994 civitatem
1101 1945 1157 1992 suo
1187 1925 1361 1992 dominatui
1384 1925 1456 1993 sub-

267 2032 403 2100 Perueto
436 2036 592 2098 conventu
622 2031 708 2113 quod
741 2030 823 2097 Atti·
854 2031 936 2097 iecit.
970 2031 1014 2096 Et
1044 2047 1234 2113 quamquam
1257 2029 1374 2097 nostris
1397 2046 1457 2096 nee

226 2135 537 2218 discumbebatur,
572 2135 705 2202 domnus
728 2137 825 2218 impe·
855 2154 992 2221 pugnam
1015 2135 1158 2201 intulerit
1186 2153 1244 2201 neo
1273 2134 1456 2203 eonloeutue

225 2247 314 2308 rator
330 2237 560 2326 (Hludowieus)
577 2239 711 2306 venandi
722 2241 826 2322 gretia
855 2241 904 2320 sit,
926 2245 1032 2306 tamen
1047 2239 1150 2306 missis
1166 2239 1279 2320 legatis
1295 2243 1329 2304 et
1346 2256 1456 2306 erasse

226 2346 427 2412 Arduennam
447 2347 546 2428 petiit.
565 2395 598 2412 ..
621 2344 755 2432 Peracta
770 2364 826 2411 au·
857 2364 891 2412 se
915 2343 1007 2423 dixit,
1032 2349 1065 2409 et
1087 2343 1129 2410 ed
1151 2344 1299 2410 domnum
1320 2343 1456 2426 impera-

227 2451 359 2518 tumnali
381 2451 556 2536 venenose,
580 2455 667 2516 trans
682 2450 827 2515 Rhenum
857 2455 957 2516 torem
979 2451 1087 2516 venire
1109 2449 1262 2532 promisit.

226 2556 267 2622 ae
288 2555 489 2622 hiemandum
507 2557 539 2620 1¹¹
562 2555 631 2620 ¹⁰⁰⁰
654 2554 707 2636 qur
728 2553 825 2619 uren·
942 2593 1456 2668 Vitellludewieiimpeeu.Perta

226 2659 377 2728 eonofurd
389 2658 576 2744 appellatur,
593 2657 754 2742 proiectus
767 2664 825 2739 est,
899 2681 938 2760 11,
956 2683 1026 2741 626.

225 2765 332 2848 ibique
353 2764 493 2850 generali
516 2771 672 2832 conventu
695 2777 824 2847 coagm-

227 2876 319 2956 gato‚
351 2869 532 2936 necessaria
562 2887 705 2952 quaeque
728 2870 770 2935 ad
792 2868 962 2935 utilitatem
986 2867 1184 2935 orientalium
1206 2867 1344 2950 partium
1367 2869 1456 2951 regni

227 2977 275 3042 sui
297 2975 488 3058 pertinentia
510 2991 598 3040 more
619 2974 753 3040 solemni
775 2991 844 3039 oum
857 2972 1070 3057 optimatibus,
1094 2991 1174 3055 quos
1194 2974 1234 3039 ad
1249 2972 1309 3040 boe
1324 2991 1457 3040 evocare

226 3082 379 3160 iusserat,
411 3084 549 3146 tractare
579 3080 708 3146 curavit.
745 3079 782 3144 ln
812 3096 873 3161 quo
904 3081 1061 3144 conventu
1091 3079 1229 3143 omnium
1258 3077 1456 3144 orientalium

227 3185 419 3262 Seianorum,
436 3185 469 3251 id
485 3189 534 3252 est
549 3182 782 3268 dbodritorum,
799 3182 1000 3264 Sorabomm,
1016 3181 1210 3261 Wiltzorum,
1226 3182 1456 3264 Beheimorum,

229 3289 462 3370 Menaenorum,
485 3288 829 3357 Praedonecentorum³
852 3289 939 3354 etin
961 3287 1125 3354 Pannonia
1146 3287 1352 3353 residentium
1374 3285 1457 3354 dva-

227 3413 297 3462 rum
320 3395 495 3480 legationes
519 3411 587 3460 eum
611 3393 793 3460 muneribus
817 3393 858 3460 ad
879 3412 915 3460 se
938 3392 1073 3460 directas
1095 3392 1223 3458 audivit.

311 3520 453 3581 Einhardi
468 3521 589 3580 annales
604 3537 652 3597 op.
669 3519 717 3582 eit.
735 3520 758 3596 1,
775 3520 846 3581 209.

263 3637 398 3706 ¹Sorabi,
423 3637 509 3692 Serbi.
600 3637 749 3708 ²Attigny.
840 3635 1003 3692 ⁸Dicuntur
1020 3641 1048 3691 et
1066 3634 1214 3706 ,Abodriti
1233 3635 1280 3704 qui
1298 3635 1457 3691 mutemini

224 3725 350 3796 Balgatia
368 3725 481 3781 Daciam
499 3725 626 3780 Danubio
651 3723 818 3780 adiacentem
841 3723 978 3780 ineolunt¹‘
1004 3723 1055 3795 (ld
1074 3722 1109 3792 ad
1126 3737 1169 3778 an.
1188 3726 1246 3779 824.
1265 3722 1330 3778 ibid.
1349 3740 1375 3794 p.
1393 3724 1457 3793 212)

225 3814 243 3869 i.
262 3829 286 3868 e.
307 3811 484 3882 ,welche'am
502 3811 659 3870 nbrdlioben
679 3811 744 3868 Uler
762 3810 810 3868 der
834 3812 932 3868 Donau
956 3808 1005 3868 ror'
1027 3809 1074 3867 der
1096 3809 1287 3881 Einmttndung
1311 3809 1359 3866 der
1381 3810 1457 3866 Drau

224 3901 268 3958 bis
295 3918 329 3956 ru
354 3899 402 3956 der
427 3900 473 3956 des
492 3900 588 3956 Timoli
606 3901 654 3956 bin
673 3901 809 3970 wohnten,
840 3900 868 3953 in
896 3898 944 3954 der
972 3897 1189 3954 Naobbarsehalt
1218 3897 1267 3953 der
1294 3897 1456 3967 Bulgaren¹‘.

226 3991 379 4046 Dummler:
399 3988 467 4044 uber
485 3987 527 4044 die
546 3987 730 4043 addestliehen
748 3986 873 4042 Marlen.
890 3985 916 4040 S.
936 3989 977 4040 27.
996 3973 1119 4041 delanti:
1138 3984 1209 4040 Slor.
1224 3987 1324 4041 staret.
1336 3991 1382 4039 sur.
1397 3987 1457 4039 611.

228 4077 362 4133 Dieuntur
375 4075 590 4146 „Osterabtrezi“
611 4075 640 4144 (i.
653 4091 676 4130 e.
690 4073 921 4143 ouer-abodriti),
932 4073 1068 4144 Abodriti,
1076 4073 1183 4129 Bodriei
1195 4070 1341 4128 orientales
1352 4071 1458 4127 ratione

226 4165 401 4223 hodrioorum
420 4162 673 4234 septentrionalium
691 4162 726 4218 ad
743 4161 843 4218 Albim.
865 4161 1090 4231 ,Ptedeneeenti“
1102 4167 1229 4232 corrupte
1246 4160 1275 4216 in
1292 4159 1457 4216 loeumslev.

224 4253 389 4312 Breuitere‘u
408 4253 440 4308 V.
459 4249 520 4308 intr,
538 4269 565 4324 p.
583 4255 642 4307 331.
