3602 5304
321 411 383 474 262

406 611 536 694 Regist'ri
552 617 602 678 lib.
619 615 677 676 XII
692 634 739 692 ep.
757 619 807 678 30.
832 617 942 676 Massi:
960 617 1049 678 Cone.
1067 619 1134 677 ooll.
1150 617 1187 695 X,
1204 620 1277 680 330.
1294 617 1366 678 eod.
1384 617 1455 694 dipl.
1472 616 1555 680 081).

364 703 388 775 I,
406 706 456 765 32.
481 703 572 763 Jaffe:
588 702 718 779 Regesta
734 709 816 780 pont.
832 721 906 765 rom.
923 721 967 762 nr.
987 705 1079 763 1464.

360 817 493 888 'Scodra
513 818 671 888 metropolis
690 819 843 886 Praevalis,
862 819 896 874 ad
914 819 1017 874 laesam
1039 820 1125 890 ripam
1150 819 1292 874 Barbanae
1317 819 1450 890 (Monada)
1475 819 1559 876 fluvii
1668 877 1673 882 ,

322 907 332 936 ²
351 906 475 961 Teuresii
498 883 688 980 (Ταυρῆσῑθν),
710 907 740 961 15
757 905 817 962 loeo
835 923 884 983 suo
903 906 995 971 uateIi,
1019 905 1171 962 aedificavit
1188 907 1253 976 imp.
1271 906 1447 963 Justinianus
1467 907 1560 962 15151-

321 999 414 1061 tatem,
435 1008 504 1062 quae
523 1008 540 1047 5
558 994 666 1047 nomine
685 994 742 1048 eius
762 992 935 1060 „iustiniana
953 993 1057 1062 prima“
1078 994 1150 1049 diota
1168 1000 1224 1062 est;
1248 995 1341 1063 ibique
1358 1010 1383 1049 5.
1403 995 1453 1049 535
1471 993 1560 1048 555151-

320 1080 442 1149 episcopi
467 1079 557 1135 sedem
586 1081 734 1135 constituit.
766 1080 950 1136 lastinianum
969 1080 997 1134 15
1014 1079 1090 1148 loeo,
1119 1079 1517 1150 55155555558155555-5111,
1543 1095 1561 1138 a

322 1166 458 1236 superiori
475 1166 618 1237 Strymone
636 1167 769 1236 (8555555)
788 1182 885 1236 parum
902 1167 1006 1236 dissito,
1024 1165 1102 1221 multi
1119 1167 1274 1237 opinantur.

321 1480 408 1550 nott,
423 1497 493 1541 nense
508 1479 619 1542 5555151.
920 1396 970 1456 57·
1055 1463 1065 1484 ⁶

366 1599 455 1681 Papa
478 1599 652 1682 Gregorius
674 1600 691 1664 1
716 1599 871 1684 ,Maximo
895 1601 1270 1682 5515555555155155551,
1294 1600 1347 1680 qui
1371 1599 1561 1681 quibusdam

323 1699 456 1768 R'omam
499 1703 640 1785 scripsit,
676 1702 869 1769 Veteranum
909 1705 1130 1786 presbyterum
1165 1709 1199 1771 et
1233 1703 1386 1784 Optatum
1414 1701 1561 1769 defenso·

219 1879 230 1903 .
321 1825 390 1872 rern
406 1825 604 1889 nequaquam
619 1814 726 1874 eotum
752 1809 800 1888 ,in
818 1813 933 1874 eausa“
960 1809 999 1872 ad
1023 1808 1132 1875 sedern
1156 1807 1365 1891 apostolicam
1382 1825 1418 1873 se
1437 1812 1558 1892 ,trans-

321 1911 480 1991 miSisse“,
513 1909 685 1993 algnificat,
720 1910 895 1992 legatorum
919 1912 987 1978 eius
1010 1913 1165 1978 rationem
1189 1913 1221 1976 in
1244 1917 1408 1994 posterum
1439 1929 1474 1978 se
1496 1929 1559 1977 non

323 2014 522 2098 habiturum,
553 2013 615 2080 nisi
638 2014 760 2082 litteras
784 2014 935 2096 afferant,
968 2015 1008 2081 ab
1031 2034 1069 2082 eo
1094 2020 1127 2083 55
1148 2015 1343 2098 presbpteris
1365 2019 1399 2081 et
1420 2015 1561 2081 diaconis

323 2117 529 2201 subscriptas.

410 2244 540 2321 Regiatri
555 2246 607 2306 lib.
623 2245 696 2306 XIII
712 2263 759 2322 ep.
780 2248 826 2304 11.
845 2245 955 2304 Menai:
973 2243 1059 2304 Cone.
1077 2245 1143 2305 ooll.
1160 2245 1197 2322 X,
1215 2245 1287 2304 350.
1303 2245 1416 2305 Farlati
1432 2245 1470 2322 11,
1488 2246 1561 2306 292.

368 2329 439 2393 Ood.
456 2330 527 2409 dipl.
545 2332 628 2394 OSD.
645 2333 668 2409 1,
686 2333 736 2393 34.
758 2331 851 2392 leffe:
867 2331 997 2407 Regeeta
1012 2335 1092 2407 pont.
1109 2349 1181 2392 rom.
1197 2349 1242 2392 nr.
1262 2333 1354 2391 1495.

922 2557 971 2637 55.

324 2659 348 2719 5.
363 2658 411 2720 tos.

324 2791 459 2878 8155551,
481 2793 662 2860 Avarorum
683 2792 808 2880 addin,
835 2813 905 2860 oum
927 2791 1147 2879 Lanpobordis
1172 2791 1354 2858 Cremonam
1375 2793 1515 2860 obsident
1537 2800 1566 2858 et

875 2901 1010 2982 captust.

370 3019 453 3085 Erat
475 3017 581 3084 aute'rn
604 3019 643 3086 iis
666 3019 779 3086 diebus
802 3017 1564 3101 55555515555515555355555155558555515

326 3127 459 3205 propter
488 3122 706 3203 captiuitatem
739 3120 824 3189 tiliae
857 3122 969 3206 555515.ι
1015 3123 1086 3201 Qua
1115 3123 1156 3189 de
1185 3137 1282 3186 eausa
1314 3119 1474 3202 agilulfus
1508 3141 1564 3188 rex

326 3243 475 3308 egressus
506 3224 686 3291 Mediolano
717 3245 826 3293 mense
855 3226 940 3293 Julio
975 3226 1103 3293 obsedit
1130 3225 1290 3291 ciuitatem
1321 3223 1565 3293 Cremonensem

326 3347 398 3394 eum
423 3328 554 3414 Solavis,
578 3347 658 3410 quos
681 3329 710 3394 ei
733 3347 879 3413 cacanus,
902 3349 957 3396 rex
979 3327 1164 3408 iseronem,
1187 3329 1220 3394 in
1243 3327 1390 3395 solatium
1414 3331 1564 3408 miserat;

327 3437 361 3498 et
384 3433 469 3514 oepit
491 3451 562 3498 eam
589 3438 626 3499 12
649 3433 804 3500 kalendas
828 3432 1025 3514 SeptembrIs
1048 3439 1081 3498 et
1103 3433 1143 3498 ad
1167 3433 1269 3498 solum
1284 3451 1386 3514 usque
1402 3433 1565 3499 destruxit

327 3535 402 3600 Pari
434 3535 530 3601 etium
560 3536 654 3603 modo
684 3537 876 3620 expugnavit
897 3536 1079 3615 Mantuam,
1111 3541 1145 3602 55
1166 3537 1352 3618 interruptis
1376 3534 1474 3600 muris
1497 3535 1566 3601 eius

327 3657 398 3703 oum
420 3638 574 3705 arietibus
597 3639 676 3706 dans
698 3641 823 3706 veniam
845 3641 1013 3718 militibus,
1049 3641 1103 3722 qui
1131 3644 1224 3705 erant
1244 3641 1277 3704 in
1299 3659 1354 3720 ea,
1386 3639 1567 3705 revertendi

328 3743 530 3820 Ravennam,
567 3743 791 3825 Ingressusque
821 3743 854 3808 in
884 3761 954 3810 eam
985 3743 1036 3808 die
1066 3744 1175 3810 iduum
1208 3743 1441 3826 septembrium.
1477 3741 1568 3818 Tune

329 3845 425 3910 etiam
448 3843 594 3928 partibus
610 3846 893 3930 Langobardorum
909 3865 943 3912 se
960 3845 1092 3912 tradidit
1107 3853 1256 3926 oestrum,
1281 3845 1365 3928 quod
1381 3845 1567 3913 Vulturina⁹

327 3957 469 4016 vocatur.
494 3947 613 4016 Milites
634 3969 710 4014 5555
734 3950 923 4015 Brexillum³
945 3949 1097 4032 oppidum
1119 3951 1184 4032 lgni
1207 3956 1383 4016 cremantes
1406 3948 1566 4034 fugerunt.

327 4052 386 4119 His
417 4054 462 4119 ita
495 4055 628 4134 patratis
660 4054 783 4120 reddita
814 4059 865 4144 est
888 4052 954 4119 5115
976 4055 1061 4136 segle
1084 4073 1104 4118 5
1127 4051 1301 4136 Smaragdo
1324 4053 1474 4135 patricio⁴
1497 4071 1567 4120 oum

329 4157 398 4222 viro
423 4160 456 4222 et
480 4154 559 4222 51115·
576 4174 613 4221 55
634 4157 731 4223 rebus
753 4156 891 4237 cunetis3
914 4155 1062 4238 15555555
1086 4161 1135 4222 555
1157 4176 1218 4238 par
1240 4173 1349 4222 meuse
1372 4175 1455 4223 nono
1470 4175 1572 4240 usque

328 4258 369 4323 ad
391 4257 546 4324 kalendas
570 4259 679 4342 aprilis
701 4260 872 4327 indintione
897 4266 1017 4326 octava.

413 4383 498 4442 Pauli
513 4383 629 4443 dianoni
646 4383 683 4444 de
699 4385 790 4460 gestie
806 4384 1073 4459 Langobardorum
1089 4384 1139 4443 lib.
1152 4383 1194 4444 IV
1209 4401 1235 4446 5.
1249 4385 1300 4444 29.
1316 4384 1364 4444 ed.
1381 4385 1430 4446 eit.
1447 4403 1476 4462 p.
1494 4359 1583 4445 462'

413 4469 460 4527 De
469 4486 546 4529 anno
556 4488 584 4528 v.
594 4469 751 4529 Muratori:
768 4469 876 4530 Annali
889 4469 1021 4531 d’Italia.
1040 4469 1170 4530 Venetia
1181 4471 1273 4530 1844.
1290 4470 1351 4530 5.11
1367 4473 1568 4547 p.11·26-I.

369 4585 374 4614 ¹
394 4583 425 4639 v.
445 4601 505 4656 oap.
524 4585 601 4640 XIII:
624 4585 689 4654 ,Ilia
707 4585 803 4642 diebus
821 4592 902 4657 eapte
920 4593 962 4642 est
979 4586 1037 4642 filia
1053 4587 1125 4655 regis
1143 4586 1255 4656 Agilulii
1283 4587 1420 4644 55555155
1439 4605 1496 4657 suo,
1515 4587 1568 4643 Go-

327 4668 450 4727 desoaleo
475 4673 595 4741 nemiue,
621 4671 653 4726 de
676 4673 783 4728 ciuitate
807 4672 960 4742 Parmensi,
985 4673 1019 4729 ab
1045 4674 1165 4729 exercitu
1189 4673 1315 4730 GallioIni
1342 4675 1413 4743 (1.5.
1434 4675 1556 4732 Callinici
