3602 5304
329 403 393 467 244

331 605 400 672 sine
423 604 529 686 aliqua
551 604 757 687 ambiguitate
788 602 991 685 persistant“.
1026 601 1085 667 Gni
1107 607 1145 666 ut
1167 599 1419 667 adversariorum
1445 617 1571 681 quoque

330 709 451 774 animos
485 706 681 786 conciliaret,
715 705 873 772 Antonino
905 704 1098 772 subdiacono
1127 705 1310 771 mandatum
1340 701 1570 785 Mulchumque,

331 811 513 894 episcopum
541 812 600 898 ,ab
622 807 857 890 inquietudine*
883 813 1047 874 avocatum
1071 827 1145 874 esse
1165 808 1302 892 nunciat.

420 934 547 1009 Registri
565 935 614 995 lib.
632 933 677 992 III
692 951 740 1008 ep.
758 934 809 995 47.
825 933 935 992 Massi:
951 931 1039 992 (lone.
1056 933 1123 993 coll.
1136 932 1188 1003 IX,
1208 933 1300 991 1139.
1317 931 1430 991 Farlati
1441 931 1480 1001 ll,
1498 932 1569 990 244.

375 1020 447 1082 Ood.
464 1021 535 1096 dipl.
552 1018 634 1080 cst).
651 1020 674 1096 1,
695 1020 744 1078 15.
760 1018 852 1077 tare:
870 1019 1000 1093 Regesta
1015 1023 1096 1093 pont.
1113 1035 1186 1076 rom.
1202 1035 1245 1078 nr.
1266 1019 1339 1078 887.
1650 1041 1655 1050 ·

925 1275 976 1335 27.

333 1363 355 1424 l.
371 1364 420 1433 sat.
434 1379 504 1442 nerse
518 1361 606 1423 octobri.

375 1483 465 1562 Papa
487 1479 662 1562 Gregorius
685 1479 700 1542 Ι
725 1476 900 1559 ,universis
922 1477 1080 1559 episcopis
1096 1494 1154 1559 per
1168 1477 1380 1542 Dalmatiam“
1405 1477 1570 1560 praecipit,

290 1565 298 1583 ⁸
334 1591 391 1666 „ut
413 1585 492 1649 nulli
514 1583 642 1665 penitus
664 1588 752 1648 extra
775 1599 962 1646 consensum
984 1580 1288 1663 permissionemque
1303 1589 1402 1661 suam,
1420 1589 1569 1662 quantum

337 1688 378 1752 ad
402 1688 603 1768 episcopatus
625 1684 854 1752 ordinationem
877 1685 1024 1766 pertinet,
1049 1683 1082 1750 in
1105 1683 1290 1752 Salonitana
1313 1685 1439 1750 civitate
1462 1703 1572 1750 manus

334 1793 542 1871 praesumant
562 1789 734 1870 imponere.
770 1785 891 1864 Quodsi
914 1785 1097 1852 Honoratus
1120 1787 1270 1853 diaconus
1295 1786 1443 1870 indignus
1467 1792 1571 1852 osten·

333 1891 435 1971 ditur,
464 1891 504 1956 de
526 1891 591 1955 vita
613 1889 816 1970 moribusque
840 1890 925 1972 eius,
957 1891 1011 1970 qui
1042 1891 1162 1955 electus
1184 1889 1289 1969 fuerit,
1313 1891 1374 1956 sibi
1397 1891 1572 1956 renuntiari

333 1995 429 2060 vult.“
455 1993 616 2059 Permittit
637 2000 760 2072 tamen,
787 1998 940 2074 utquam
964 2010 1071 2059 omnes
1094 1993 1257 2076 elegerint,
1279 1999 1473 2070 consecrent,
1499 2011 1572 2078 „err-
1624 2033 1633 2042 -

334 2103 427 2180 cepta
449 2087 614 2161 dumtaxat
635 2112 773 2176 persons
795 2093 939 2174 Maximi,
972 2095 1011 2160 de
1041 2113 1104 2176 qua
1134 2095 1193 2161 sibi
1215 2097 1315 2160 multa
1337 2095 1422 2162 mela
1448 2095 1572 2178 perlata

334 2207 418 2280 sunt,
442 2217 523 2282 quae
547 2201 574 2264 si
595 2200 636 2264 ab
661 2199 806 2281 appetitu
829 2198 957 2264 maioris
981 2199 1099 2265 ordinis
1123 2217 1184 2264 non
1208 2205 1322 2281 cessat,
1343 2200 1413 2282 ipso
1437 2217 1570 2281 quoque,

332 2305 366 2369 in
388 2321 451 2385 quo
474 2309 533 2382 est,
558 2301 661 2369 officio
684 2305 822 2367 careat“.
853 2301 1085 2383 Episcoporum
1108 2319 1211 2368 mores
1234 2302 1405 2384 redarguit,
1429 2301 1484 2384 qui
1509 2302 1573 2379 ,ita

334 2412 409 2473 sunt
431 2405 648 2472 saecularibus
670 2405 809 2470 traducti
832 2404 984 2488 negotiis,
1015 2411 1051 2469 ut
1073 2405 1295 2471 obliviscentes
1322 2423 1445 2470 omnem
1469 2423 1572 2470 sacer-

335 2510 449 2576 dotalis
471 2510 600 2575 honoris
624 2509 791 2588 tramitem,
817 2515 1027 2589 cunctumque
1050 2509 1178 2591 superni
1201 2515 1305 2575 metus
1326 2509 1484 2590 intuitum,
1510 2527 1572 2576 non

335 2614 411 2696 quid
434 2613 493 2680 deo
516 2612 572 2680 sed
595 2612 670 2694 quid
693 2611 756 2678 illis
779 2612 913 2694 placeat,
938 2612 1070 2678 student
1091 2613 1250 2694 explere“.

420 2739 550 2815 Registri
565 2739 614 2797 lib.
632 2737 674 2796 IV
690 2754 736 2812 ep.
759 2738 807 2797 10.
823 2737 934 2796 Mansi:
951 2737 1040 2797 (lonc.
1056 2739 1124 2799 coll.
1138 2737 1189 2815 IX,
1209 2739 1301 2799 1166.
1317 2735 1480 2810 Farlatill,
1498 2739 1570 2798 253.

377 2824 449 2886 Ood.
466 2825 538 2900 dipl.
555 2822 638 2884 osb.
654 2824 680 2902 1,
699 2825 748 2885 15.
764 2822 857 2882 Jaffe:
872 2823 1003 2898 Regesta
1018 2828 1100 2901 pont.
1115 2841 1188 2885 rom.
1205 2841 1249 2885 nr.
1267 2825 1339 2885 919.

928 3085 979 3148 28.

335 3170 357 3230 l.
374 3171 421 3239 tlt,
437 3187 506 3231 narro
521 3167 591 3248 aprili.

379 3289 467 3370 Papa
490 3288 663 3370 Gregorius
686 3287 702 3350 I
726 3285 881 3373 „Maximo
913 3286 1146 3368 praesumptori
1176 3285 1207 3351 in
1238 3285 1377 3354 Salona“
1407 3287 1571 3373 significat,

335 3411 370 3459 so
393 3391 587 3474 cognovisse,
615 3390 719 3471 ,quod
742 3390 791 3455 vel
815 3394 962 3471 surrepta
983 3390 1035 3456 vel
1057 3391 1207 3456 simulata
1229 3390 1439 3471 piissimorum
1463 3393 1573 3474 princi-

335 3513 410 3578 pum
433 3494 580 3573 iussicne,
605 3493 679 3558 dnm
702 3494 767 3558 vita
797 3493 910 3576 dignus
940 3511 1003 3558 non
1026 3500 1129 3574 esset,
1162 3494 1203 3560 ad
1226 3494 1395 3561 sacerdotii
1420 3495 1573 3574 ordinem,

336 3597 458 3664 eunctis
479 3596 700 3676 venerabilem,
725 3597 942 3678 prorupisset,
977 3597 1062 3678 quod
1086 3599 1154 3663 sine
1175 3597 1242 3663 ulla
1270 3597 1482 3665 haesitatione
1505 3617 1572 3664 cro·

336 3700 426 3786 didit,
451 3719 489 3766 eo
512 3699 597 3782 quod
620 3699 813 3766 serenissimi
830 3699 947 3766 domini
969 3701 1170 3783 imperatoris
1193 3701 1331 3767 animum
1354 3720 1416 3769 non
1439 3703 1573 3785 ignorat,

336 3805 420 3887 quod
444 3823 478 3869 se
501 3807 533 3869 in
557 3805 659 3869 causis
682 3803 932 3870 sacerdotalibus
956 3805 1088 3872 miscere
1110 3823 1173 3872 non
1195 3806 1304 3872 soleat.
1334 3804 1471 3872 Additur
1486 3807 1573 3872 inau-

336 3907 437 3974 ditum
459 3908 558 3985 nolas,
583 3906 668 3988 quod
697 3912 771 3988 post
798 3907 1048 3976 interdictionem
1078 3911 1182 3976 caesis
1212 3910 1437 3992 praesbyteris,
1471 3911 1574 3976 diaco-

337 4011 431 4076 nibus
455 4015 646 4091 eaeteroque
668 4009 755 4076 clero
778 4027 874 4076 manu
896 4011 1024 4078 militari
1039 4013 1080 4078 ad
1095 4013 1233 4078 medium
1250 4013 1374 4078 dicatur
1389 4013 1573 4079 deductus“.

336 4114 447 4180 Donec
480 4131 551 4179 eum
589 4132 670 4192 ,non
702 4113 887 4195 surreptitia
920 4115 975 4180 sed
1005 4135 1081 4181 vera
1108 4116 1265 4183 iussione“
1299 4118 1476 4183 ordinatum
1506 4135 1576 4183 essa

335 4215 521 4294 eonstiterit,
544 4216 604 4297 ipsi
627 4221 661 4281 et
682 4216 751 4281 eius
775 4217 1010 4284 ordinatoribus
1032 4219 1202 4285 interdicit.
1315 4237 1317 4244 ⁴

422 4339 550 4414 Registri
566 4339 617 4399 lib.
634 4340 740 4418 1ch.
757 4345 807 4404 20.
823 4342 918 4402 blansi
935 4361 942 4400 ε
957 4343 1045 4404 Cone.
1063 4346 1130 4403 coll.
1144 4345 1195 4420 lx,
1215 4346 1306 4405 1169.
1323 4344 1434 4404 Farlati
1447 4345 1485 4420 11,
1503 4345 1574 4403 255.

378 4418 451 4486 too.
469 4425 540 4501 dipl.
556 4425 640 4487 GSD.
656 4425 680 4505 1,
700 4430 748 4488 16.
768 4427 862 4488 tane:
878 4429 1008 4504 Regesta
1024 4434 1106 4505 pont.
1121 4447 1194 4490 rom.
1211 4447 1254 4489 nr.
1273 4431 1344 4490 927.
