3572 5276
371 412 435 474 446

976 611 1006 673 2.

367 705 391 766 l.
408 702 560 765 lttt-lttt.

752 779 1010 864 Aratispiscopua
1034 778 1236 844 Laurentius.

412 921 461 988 Ea
494 925 686 1004 tempestate
718 919 847 1001 quidam
879 919 1073 999 apostolicae
1096 918 1184 984 sedis
1207 917 1349 1000 legatus’
1378 918 1420 985 ad
1449 918 1615 984 ecclesiam

371 1027 585 1109 spalatensem
608 1023 765 1090 accedeus
787 1021 1013 1103 provincialem
1038 1022 1190 1104 synodum
1214 1021 1426 1104 congregavit
1451 1019 1516 1086 Ubi
1532 1038 1611 1086 -cum

371 1148 482 1196 omnes
498 1127 691 1210 spalatensis
707 1125 893 1206 metropolis
910 1126 1051 1207 episcopi
1067 1123 1297 1206 convenissent,
1322 1129 1493 1206 antequam
1510 1125 1615 1190 dimit-

371 1239 495 1300 teretur
517 1231 693 1309 concilium,
724 1233 897 1296 mactatum
929 1233 980 1294 est
1003 1227 1042 1294 de
1066 1229 1221 1294 electione
1252 1229 1508 1310 metropolitani3
1541 1227 1617 1311 quia

371 1336 560 1420 spalatensis
581 1334 715 1402 ecclesia
748 1332 840 1399 tunc³
873 1331 1018 1397 vacabat.
1056 1331 1100 1397 Et
1129 1329 1245 1398 factum
1276 1336 1343 1412 est,
1376 1331 1481 1398 dimna
1511 1333 1617 1414 gratia

370 1441 558 1523 inspirante,
592 1444 627 1504 ut
659 1438 797 1503 omnium
830 1441 954 1501 urentes
988 1441 1023 1501 et
1052 1440 1126 1500 vota
1157 1434 1190 1498 in
1219 1451 1388 1516 personam
1424 1435 1616 1504 venerabilis

369 1545 429 1610 uiri
461 1543 635 1621 Laurentii,
668 1539 850 1623 apsarensis
880 1539 1036 1620 episcopi,
1061 1537 1114 1619 qni
1145 1555 1215 1602 cum
1247 1539 1382 1604 caeteris
1405 1537 1618 1624 suffraganeis

373 1648 413 1713 ad
438 1647 593 1728 synodum
616 1649 755 1725 venerat,
780 1642 1016 1720 concordarent,
1041 1641 1143 1723 ipsum
1167 1641 1198 1704 in
1214 1645 1338 1722 patrem
1357 1648 1391 1708 et
1407 1643 1618 1725 archiepisco·

371 1769 446 1833 pum
478 1747 674 1814 unanimiter
704 1747 947 1830 proclamantes.
979 1743 1079 1810 Missa
1101 1762 1177 1826 ergo
1200 1743 1357 1810 relatione
1387 1746 1428 1810 ad
1452 1763 1617 1813 romanam

372 1851 520 1933 curiam,⁴
544 1851 792 1935 postulationem
814 1849 854 1916 de
878 1849 948 1931 ipso
971 1847 1086 1913 factam
1118 1847 1243 1914 domino
1267 1866 1370 1931 papae
1393 1855 1619 1931 praesentare·

371 1963 455 2023 runt.
479 1955 524 2022 Et
548 1955 623 2037 quia
645 1952 861 2021 testimonium
885 1952 1025 2018 habebat
1047 1953 1164 2017 bonum
1187 1952 1228 2017 ab
1254 1952 1408 2032 omnibus,
1441 1951 1535 2020 facile
1559 1954 1617 2019 ad·

372 2060 470 2128 missa
498 2065 549 2126 est
570 2058 683 2141 petitio
716 2075 843 2136 eorum;
876 2055 1030 2137 dedimus
1059 2055 1088 2122 ei
1112 2073 1253 2120 summus
1283 2054 1425 2137 pontifex
1457 2057 1618 2123 licentiam

373 2163 571 2243 transeundi,
595 2160 744 2230 mittens⁵
767 2159 796 2227 ei
819 2158 949 2242 pallium
979 2157 1144 2240 dignitatis
1160 2177 1230 2225 cum
1261 2157 1499 2227 confirmatione
1521 2161 1618 2244 priri-

373 2267 529 2352 legiorum
552 2265 780 2346 metropolicae
803 2261 1033 2329 auctoritatis.⁶

417 2370 492 2437 Fuit
514 2375 622 2435 autem
646 2367 837 2435 Laurentius
865 2367 927 2432 iste
958 2366 1160 2431 Dalmatinus
1183 2365 1314 2447 origine,
1342 2371 1468 2432 statura
1490 2367 1619 2450 quidem

376 2473 514 2558 pusillus
547 2471 606 2538 sed
636 2471 794 2553 sapientia
817 2487 961 2554 magnus.
994 2469 1087 2550 Cepit
1110 2487 1186 2552 ergo
1209 2487 1267 2535 sua
1290 2469 1433 2552 vigilanti
1462 2471 1620 2539 industria

374 2577 542 2644 ecclesiam
566 2576 598 2640 in
621 2574 852 2658 temporalibus
876 2578 910 2639 et
932 2573 1150 2654 spiritualibus
1173 2572 1350 2650 sublevare,
1382 2577 1416 2639 et
1438 2593 1497 2657 per
1520 2580 1620 2642 totam

374 2680 569 2763 provinciam
598 2677 813 2760 praedicando
844 2677 1039 2756 discurrere,
1074 2681 1107 2743 et
1137 2675 1220 2742 sicut
1249 2675 1351 2742 bonus
1381 2683 1492 2758 pastor
1522 2697 1621 2762 super

374 2783 483 2868 gregis
506 2782 555 2848 sui
579 2781 725 2848 custodia
748 2786 816 2847 tota
838 2779 1050 2848 sollicitudine
1074 2779 1232 2846 insistere.

419 2889 493 2970 Ipsa
524 2892 630 2952 autem
660 2883 851 2950 Laurentius
882 2902 944 2950 non
977 2883 1036 2949 eibi
1067 2889 1123 2948 aut
1153 2882 1333 2950 carnalibus
1361 2889 1432 2951 erat
1466 2887 1617 2967 proximis

377 2997 517 3058 intentus
540 2988 715 3071 acquirere,
741 2987 798 3053 sed
822 2987 927 3052 omnia
948 2987 990 3052 ad
1012 2986 1240 3069 proprietatem
1260 2985 1412 3054 ecclesiae
1428 2990 1618 3058 ascribebat

376 3095 515 3161 Tantum
539 3092 622 3159 enim
647 3092 809 3158 studiosus
826 3091 931 3156 extitit
946 3091 987 3155 ad
1003 3090 1216 3172 ampliandum
1232 3095 1264 3156 et
1283 3091 1496 3158 decorandum
1520 3095 1621 3162 eccle·

376 3199 443 3266 siae
472 3197 670 3277 thesaurum,
700 3199 737 3260 ut
767 3194 926 3275 quendam
956 3193 1116 3275 proprium
1148 3211 1274 3258 servum
1295 3194 1329 3259 iu
1359 3194 1557 3264 Antiochiam
1580 3197 1623 3264 ad

377 3303 562 3369 discendum
592 3299 717 3366 fabrilia
751 3317 849 3381 opera
878 3298 947 3364 auri
978 3303 1011 3364 et
1042 3299 1166 3380 argenti
1196 3297 1347 3380 dirigiret.
1381 3298 1534 3376 Quicum
1558 3301 1623 3367 iam

377 3406 459 3472 bene
483 3405 658 3470 instructus
681 3403 837 3481 rediisset,
863 3401 939 3468 lecit
962 3401 1160 3468 venerandus
1183 3399 1325 3482 pontifex
1348 3403 1459 3468 excudi
1490 3405 1530 3470 ab
1555 3405 1625 3487 ipso

378 3507 571 3575 candelabra
601 3524 716 3588 magna
748 3507 787 3572 de
810 3509 944 3588 argento
973 3510 1007 3569 et
1030 3502 1092 3570 alia
1121 3505 1312 3571 candelabra
1334 3505 1502 3572 manualia.
1534 3507 1626 3576 Fecit

377 3613 474 3679 etiam
496 3629 625 3678 urceum
649 3627 811 3694 maguum,
837 3615 871 3676 et
893 3609 989 3674 alium
1013 3626 1154 3690 parvum,
1185 3615 1218 3674 et
1241 3609 1395 3676 ciminile⁷
1422 3611 1623 3691 manicatum,

380 3716 509 3782 calicem
533 3721 566 3780 et
589 3731 726 3796 capsam,
752 3731 867 3778 uncum
883 3711 1092 3795 pastoralem⁸
1115 3719 1149 3778 et
1167 3731 1300 3796 crucem,
1325 3719 1357 3780 et
1379 3715 1442 3779 alia
1465 3715 1625 3796 quaedam

379 3837 460 3902 quae
484 3818 589 3885 omnia
611 3815 744 3899 perfecit
766 3835 863 3899 opere
885 3816 1056 3898 sculptorio
1081 3818 1159 3882 artis
1180 3817 1306 3899 ingenio
1330 3819 1545 3888 antiochenae.

422 3921 481 3988 His
504 3921 700 4004 temporibus
723 3919 824 3985 Adam
848 3918 977 4001 quidam
1000 3918 1198 4002 Parisiensis,
1229 3921 1346 4002 optime
1369 3923 1401 3986 in
1424 3925 1546 3990 artibus
1569 3925 1626 3991 eli·

377 4034 492 4112 matus,
516 4025 677 4109 pergendo
709 4023 854 4090 Athenas
878 4023 919 4089 ad
951 4023 1145 4090 Graecorum
1169 4023 1275 4089 studia
1298 4024 1425 4090 devenit
1449 4024 1627 4108 Spalatum.

376 4131 514 4198 Etcum
538 4128 654 4196 fuisset
677 4149 697 4195 a
719 4127 895 4195 Laurentio
919 4127 1062 4195 antistite
1093 4126 1266 4194 honorifice
1290 4133 1468 4210 susceptus,
1495 4137 1628 4214 rogatus

376 4239 429 4301 est
451 4235 492 4300 ab
515 4233 638 4314 eodem,
678 4238 716 4297 ut
746 4233 910 4313 passiones
942 4231 1105 4296 beatomm
1136 4236 1309 4313 martyrum
1332 4231 1459 4299 Domnii
1487 4240 1519 4300 et
1542 4232 1629 4300 Ana-

377 4337 478 4418 stasii,
509 4355 591 4419 quae
623 4335 743 4402 inculto
773 4333 902 4400 fuerant
933 4334 1106 4414 antiquitus
1130 4352 1276 4400 seruroue
1299 4337 1507 4418 conscriptae,
1539 4337 1628 4404 lucu·

377 4441 465 4508 lenta
487 4440 608 4506 faceret
631 4439 862 4521 compositione
885 4438 997 4503 nitere.
1023 4437 1114 4515 Quod
1138 4437 1191 4504 ille
1215 4439 1354 4520 gratanti
1373 4440 1468 4506 corde
1492 4458 1628 4507 consen·

380 4545 433 4624 sit,
467 4549 635 4624 sumtoqus
669 4542 814 4608 themate
847 4561 866 4607 a
897 4540 1060 4608 veteribus
1094 4540 1235 4608 historiis
1270 4541 1422 4622 legendas
1457 4545 1627 4628 utriusque

380 4646 529 4731 martyris
558 4644 666 4728 lapido
696 4645 774 4712 satis
797 4645 967 4712 dictamine
989 4645 1178 4711 innovavit.⁹
1207 4645 1349 4730 Hymnus
1371 4645 1466 4715 etiam
1496 4665 1628 4734 compo-
