3602 5304
341 335 404 400 204

340 539 399 606 sibi
416 539 484 607 tore
499 539 681 622 legitimam,
705 558 800 621 quarn
815 557 855 605 ex
869 538 1095 605 cousuetudine
1119 537 1280 608 orientalis
1296 539 1449 606 ecclesiae
1469 555 1576 607 secum

337 650 467 729 poterat
489 645 574 712 licite
597 646 745 712 retinere.
781 644 844 710 Sed
871 645 1014 730 legatus,
1039 645 1258 712 excusationes
1285 643 1433 712 Dahralis
1460 644 1578 712 nullius

334 751 403 817 tore
420 749 570 817 momenti
593 751 814 830 considerans,
846 749 1035 816 auctoritate
1067 749 1240 831 apostolice
1271 749 1504 816 sententialiter
1526 767 1575 818 re

338 857 439 921 mouit
463 875 533 922 eum
558 857 801 938 inperpetuum
825 855 865 920 ah
889 855 1165 924 administratione
1195 854 1347 922 ecclesiae
1377 855 1576 938 spalatensis.

423 980 557 1042 Thomas
573 979 685 1043 archid.
701 982 808 1057 spalat.
824 980 956 1041 Historia
971 980 1136 1040 salonitana
1151 999 1176 1043 e.
1194 981 1258 1044 XV.
1272 998 1301 1057 p.
1316 982 1377 1042 322
1390 981 1429 1042 ed
1440 981 1469 1044 J.
1481 981 1575 1042 Lucii.

424 1067 575 1143 Syaodum
589 1068 667 1128 hane
687 1069 764 1129 eirea
780 1085 808 1129 a.
835 1069 918 1128 1050
933 1067 1045 1144 Spalati
1061 1068 1240 1129 celebratam
1264 1067 1355 1129 tuisse
1370 1068 1524 1130 deducitur
1538 1086 1576 1129 ex

379 1155 676 1232 commagenum,
685 1153 956 1231 quaaadiinemnr.
968 1155 1027 1216 152
1037 1158 1066 1216 at
1077 1154 1325 1216 retractantur.
1335 1154 1479 1228 Pontifex,
1489 1156 1573 1217 cuiue

381 1259 486 1324 nomen
501 1243 656 1324 reticetur,
679 1242 728 1300 vix
743 1243 819 1302 alter
833 1239 889 1302 tuit
903 1258 991 1317 quam
1006 1243 1069 1303 Leo
1085 1243 1127 1302 IX
1144 1237 1359 1325 (1048-54),
1382 1243 1434 1319 qui
1449 1243 1577 1304 maximo

382 1347 446 1390 oum
462 1329 561 1406 rigore
577 1330 648 1390 cleri
663 1346 760 1390 mores
775 1327 933 1389 emendare
948 1331 1063 1409 coepit3
1080 1329 1168 1406 quive
1178 1329 1218 1390 ad
1230 1330 1418 1391 venetiarum
1429 1333 1459 1391 et
1469 1331 1576 1391 latriae

381 1434 429 1479 res
444 1413 634 1493 ordinandas,
652 1417 830 1492 orientisque
853 1415 971 1491 negotia
987 1415 1189 1492 promovenda
1212 1414 1321 1497 trano:
1336 1422 1456 1495 regesta
1471 1417 1575 1494 pontii.

380 1521 452 1565 rom.
469 1505 563 1578 3263,
580 1501 744 1582 3285-8)
761 1504 862 1563 oculos
886 1501 1042 1564 direxerat.
1070 1502 1170 1577 Quare
1185 1505 1288 1564 mirum
1305 1521 1363 1564 non
1378 1504 1534 1582 videbitur,
1551 1505 1576 1565 si

380 1591 457 1652 idem
473 1589 605 1667 pontifex
622 1591 660 1650 ad
675 1589 842 1651 Dalmatiae
857 1593 888 1649 et
905 1589 1041 1650 Oroatiae
1056 1606 1180 1667 regnum
1203 1591 1392 1652 attentionem
1406 1607 1490 1652 suam
1505 1609 1575 1652 oon·

380 1679 476 1740 vertit.
492 1679 570 1738 Num
586 1679 701 1754 legatus
724 1675 854 1738 eiusdem
869 1677 999 1736 Joannes
1013 1677 1039 1736 ie
1054 1677 1149 1737 iuerat
1164 1679 1321 1754 episeopus
1335 1677 1422 1738 huius
1438 1679 1574 1756 nominis,

382 1766 427 1832 cui
439 1765 502 1825 Leo
514 1765 556 1824 IX
568 1782 645 1825 auno
660 1766 741 1826 1052
757 1763 910 1841 epistolam
923 1763 1083 1839 scripserat
1097 1764 1148 1844 (ib.
1166 1765 1274 1845 3252),
1286 1769 1367 1826 certo
1378 1783 1437 1826 non
1449 1770 1573 1827 conatam

893 2076 1026 2156 154.

336 2206 359 2268 r.
375 2200 537 2268 totunm:

340 2343 485 2428 Syuodrca
508 2342 634 2428 Spoleti
653 2351 815 2428 praesente
837 2343 943 2409 abbate
956 2341 1135 2422 Mamerto,
1155 2361 1260 2428 papae
1276 2337 1399 2406 Niaoiai
1414 2337 1577 2425 Himetto,

338 2448 395 2514 suh
419 2469 488 2534 repe
514 2447 603 2513 Petro
630 2447 797 2513 Cresimiro
820 2457 848 2514 et
870 2448 1098 2533 archiepiscopo
1124 2445 1296 2532 epulamur·
1315 2443 1579 2530 «tenacemque

340 2554 421 2618 iuter
443 2561 564 2619 coetera
586 2554 733 2637 capitula,
756 2551 937 2637 coufirmata
960 2551 998 2618 oh
1021 2554 1125 2618 eodem
1141 2549 1286 2637 pontifice
1300 2558 1329 2617 et
1343 2571 1364 2614 a
1385 2569 1441 2615 aaa
1462 2570 1578 2616 succes·

340 2677 410 2723 sore
431 2657 616 2722 Alexandro
639 2655 682 2720 ΙΙ
699 2658 866 2744 uotiricota,
884 2659 945 2724 duo
958 2658 1149 2743 praeprimis
1162 2657 1329 2721 menariae
1340 2653 1472 2740 prodita
1486 2663 1579 2720 aaut:

341 2783 437 2828 uuum
462 2769 570 2828 caretro
595 2761 775 2828 clericorum
804 2761 1046 2844 matrimonium,
1073 2761 1164 2826 aliud
1193 2768 1301 2826 contra
1326 2781 1419 2826 usum
1443 2759 1578 2826 slavicae

462 2867 595 2952 itaquae.
625 2864 818 2934 Laurentiae
840 2867 965 2952 eiipitur
987 2865 1235 2951 archiepiscopus
1258 2865 1454 2950 spoletanae.

385 3005 504 3074 Fuerat
525 3012 669 3089 tempore
692 3005 809 3073 domini
830 3005 967 3073 Nicolai¹
990 3025 1092 3089 papae
1114 3009 1148 3072 et
1168 3005 1323 3072 iohannis
1336 3004 1577 3090 (archiepiscopi
1632 3025 1641 3042 ·

342 3110 547 3195 spalatensis)
573 3163 579 3178 .
605 3163 611 3176 .
637 3161 644 3174 .
668 3131 689 3178 a
711 3112 838 3179 domino
853 3109 1037 3196 Maynardo,
1061 3111 1220 3200 quondam
1235 3110 1446 3193 Pompusiano
1461 3109 1578 3178 abbate

343 3220 377 3282 et
398 3224 510 3299 postea
532 3217 681 3301 episcopo
697 3217 857 3296 cardinali,
882 3217 1037 3298 quaedam
1053 3217 1192 3299 synodus
1208 3216 1347 3282 omnium
1361 3214 1577 3300 praelatorum

333 3321 522 3388 Dalmatiae
545 3327 579 3388 et
601 3322 771 3390 Chroatiae
793 3322 926 3389 multum
950 3320 1135 3389 solemniter
1156 3321 1327 3391 celebrate.

384 3427 422 3494 Iu
445 3446 508 3509 qua
529 3427 629 3494 multa
651 3428 780 3495 luerunt
803 3428 981 3510 conscripta
1011 3426 1163 3508 capitula,
1194 3425 1277 3492 inter
1305 3443 1387 3508 quae
1423 3423 1579 3508 siquidem

323 3531 403 3634 'hoc
424 3531 581 3598 firmatum
604 3538 656 3599 est
679 3537 711 3600 et
733 3537 897 3612 statutum,
921 3537 958 3597 ut
979 3531 1084 3598 nulius
1107 3531 1147 3596 de
1170 3536 1296 3598 caetero
1311 3530 1344 3596 in
1365 3529 1474 3614 lingua
1496 3529 1578 3596 scla-

292 3687 296 3700 .
344 3636 459 3702 uonica
481 3643 701 3719 praesumeret
715 3638 823 3704 diuina
838 3637 989 3720 mysteria
1004 3636 1174 3715 celebrare,
1194 3633 1259 3701 ‚nisi
1281 3640 1404 3702 mutum
1426 3634 1458 3700 in
1480 3633 1581 3701 latina

342 3745 376 3806 et
408 3759 536 3824 graeca3
565 3760 623 3807 nec
653 3740 766 3824 aliquis
795 3743 935 3809 eiusdem
969 3741 1096 3825 linguae
1125 3745 1369 3823 promereretur
1397 3739 1437 3806 ad
1468 3756 1577 3806 sacros

343 3845 478 3912 ordines.
501 3845 658 3913 Dicebant
680 3845 773 3932 enirn,
803 3847 946 3930 gothicas
969 3846 1094 3913 litteras
1116 3845 1292 3927 aquodam
1314 3843 1477 3912 Methodio
1499 3843 1575 3910 hae·

341 3950 440 4016 ratim
463 3950 562 4016 inisse
585 3957 735 4034 reportas,
760 3951 814 4032 qui
836 3951 936 4016 multa
958 3957 1068 4017 contra
1090 3949 1265 4017 catholicae
1287 3947 1361 4017 fidei
1382 3967 1525 4017 normam
1547 3948 1580 4014 in

339 4053 452 4122 eadem
475 4056 654 4122 sclauonica
676 4056 784 4139 lingua
806 4055 987 4122 mentiendo
1004 4055 1205 4138 conscripsit3
1230 4072 1323 4136 quam
1336 4054 1455 4121 obrem
1468 4053 1576 4121 diuino

336 4158 455 4225 iudicio
478 4160 643 4243 repentina
664 4161 780 4227 dicitur
801 4169 904 4227 morte
927 4160 1024 4228 tuisse
1047 4160 1225 4226 damnatus.

427 4285 560 4346 Thomas
576 4283 687 4348 archid.
704 4285 835 4346 Historia
849 4285 1015 4346 salonitana
1029 4303 1056 4346 c.
1074 4285 1154 4360 XVI,
1170 4303 1199 4362 p.
1224 4286 1296 4346 323.

429 4373 570 4450 Tempus,
588 4390 645 4448 quo
661 4373 792 4450 synodus
805 4373 881 4435 haec
896 4373 1048 4436 celebrata
1062 4371 1158 4432 fuerat
1172 4371 1259 4432 facile
1271 4371 1426 4433 deducitur
1438 4389 1458 4432 e
1473 4371 1578 4432 litteris

386 4461 467 4537 regis
482 4459 640 4538 oresimirt,
656 4459 733 4520 datis
749 4478 848 4520 mense
863 4459 1010 4521 februario
1022 4477 1100 4522 anuo
1118 4460 1211 4531 1059,
1231 4459 1261 4519 in
1276 4459 1383 4535 quihus
1397 4457 1491 4519 abbas
1504 4457 1577 4518 itai-

386 4549 497 4607 nardue
519 4565 661 4624 praeseus
683 4547 823 4624 Belgradi
846 4547 1001 4608 adducitur
1024 4545 1067 4628 (v.
1091 4565 1135 4608 nr.
1160 4549 1211 4625 40,
1235 4563 1264 4623 p.
1290 4542 1355 4630 52).
1378 4546 1489 4606 Fuerat
1507 4561 1579 4606 raro

384 4633 555 4696 ltainardus
570 4634 747 4716 Campanus,
763 4633 983 4696 menteomni
998 4635 1174 4716 monachus,
1198 4633 1281 4694 ouius
1311 4649 1403 4710 opera
1425 4629 1579 4710 pontifices
