3548 5282
1378 412 1441 477 467

200 613 242 682 de
273 619 381 682 castro
408 613 517 696 Breis,
551 633 648 700 eques
670 614 811 699 insignis,
846 618 993 698 opertum
1022 614 1143 685 habens
1165 621 1262 700 caput
1292 618 1385 700 galea
1408 620 1443 684 et

198 717 297 785 lurica
328 719 477 804 indutus,
507 719 629 802 pariter
657 718 783 788 moenia
812 723 886 801 post
908 716 1118 786 Godefridum
1148 720 1308 787 ascendit:
1340 721 1443 786 donec

200 821 342 888 uniuersi
373 827 439 889 tam
474 823 599 905 equites
633 841 729 905 quam
765 822 890 905 pedites
924 820 1044 890 intrare
1077 824 1282 890 contendunt.
1317 822 1441 908 Ungari

198 943 288 1012 uero,
310 925 458 994 uidentes
481 927 606 994 animae
628 945 707 994 suae
737 926 900 1010 angustias
923 930 957 994 et
986 927 1152 996 imminens
1181 927 1368 1010 periculum,
1403 928 1445 994 ad

199 1033 324 1113 septem
345 1031 445 1097 millia
466 1031 699 1117 conglobantur
718 1031 759 1097 ad
782 1029 1018 1110 defensionem
1049 1050 1087 1098 ao
1109 1049 1166 1115 per
1188 1030 1284 1098 aliam
1305 1038 1441 1117 portam,

199 1151 282 1216 quae
304 1134 433 1217 respicit
463 1135 692 1215 adorientem,
725 1135 846 1217 egressi
869 1153 966 1217 super
988 1135 1140 1202 uerticem
1170 1136 1353 1218 praecelsae
1376 1135 1441 1202 sili·

197 1237 254 1316 cis,
278 1253 373 1318 quam
395 1235 595 1322 praeterfluit
606 1237 783 1317 Danubius,
808 1242 840 1304 et
862 1256 925 1320 qua
949 1257 987 1306 ex
1009 1245 1103 1320 parte
1119 1237 1349 1305 innumerabile
1371 1244 1442 1306 erat

197 1341 435 1423 munimentum,
460 1342 679 1410 eonstitemnt.
703 1340 845 1419 Quorum
866 1341 1004 1425 plurima
1025 1361 1111 1430 pars,
1139 1360 1222 1424 quae
1244 1361 1322 1426 prae
1344 1361 1443 1426 angu-

198 1449 249 1512 sto
272 1445 362 1512 aditu
395 1464 453 1529 per
488 1453 613 1529 portam
646 1445 799 1513 uelociter
828 1444 972 1530 effugere
1000 1447 1208 1532 nequiuerat,
1242 1451 1318 1513 ante
1340 1446 1442 1529 ipsam

196 1548 325 1614 ianuam
346 1549 379 1615 in
402 1568 459 1617 ore
487 1550 585 1634 gladii
614 1551 811 1618 cecidemnt:
841 1551 905 1633 alli,
936 1551 1046 1633 quiin
1073 1551 1195 1618 uertice
1225 1550 1341 1618 montis
1364 1550 1443 1618 libe·

198 1653 262 1720 rari
286 1655 468 1735 sperabant,
491 1657 532 1722 ab
561 1655 803 1738 insequentibus
833 1655 1010 1739 peregrinis
1040 1655 1191 1723 trucidati
1223 1658 1316 1736 sunt3
1347 1653 1444 1721 aliia

197 1759 361 1824 cacumine
385 1758 501 1825 montis
522 1760 713 1842 praeciptati
736 1765 820 1840 sunt,
844 1760 877 1825 in
901 1759 1003 1842 ipsius
1025 1759 1165 1826 Danubii
1186 1759 1281 1825 undis
1297 1758 1444 1842 absorpti

199 1867 285 1928 snnt.
310 1859 504 1930 Ceciderunt
525 1861 589 1929 illic
615 1862 740 1930 circiter
770 1867 908 1945 quatuor
929 1863 1030 1929 millia
1052 1861 1266 1946 Ungaromm,
1300 1863 1443 1947 peregri·

197 1957 312 2031 nomm
346 1972 472 2032 centum
509 1970 644 2050 tantum,
679 1971 807 2049 praeter
839 1967 1046 2048 uolneratos,
1080 1965 1199 2034 ibidem
1230 1966 1324 2034 occisi
1357 1972 1442 2033 sunt.

199 2067 427 2148 HanoPetms
450 2070 586 2152 adeptus
616 2070 793 2153 uictoriam,
825 2090 897 2138 cum
918 2070 1077 2138 uniuersis
1106 2071 1172 2138 suis
1194 2071 1226 2136 in
1254 2071 1367 2137 eodem
1390 2087 1440 2138 uu·

202 2173 297 2240 stello
319 2173 502 2241 Maleuillae
525 2174 637 2243 diebrm
659 2176 776 2241 mansit
797 2175 937 2258 quinque
964 2181 1097 2259 propter
1133 2175 1361 2242 abundantiam
1383 2175 1442 2240 ali·

198 2283 388 2360 mentorum,
412 2297 494 2361 quae
516 2277 561 2346 ibi
583 2280 704 2362 reperit
725 2278 758 2344 in
774 2277 942 2362 lrumento,
966 2279 1118 2364 gregibus
1142 2279 1249 2348 ouium
1271 2283 1306 2346 et
1320 2296 1443 2346 armen·

198 2383 250 2462 tis,
278 2389 311 2450 et
338 2399 489 2466 peoomm
515 2382 713 2466 plenitudine
732 2388 766 2449 et
791 2381 913 2450 infinito
931 2402 1063 2450 numero
1087 2401 1250 2467 equomm.
1273 2382 1445 2467 Comperta

199 2485 260 2552 hac
292 2485 427 2554 uictoria
450 2491 482 2553 et
505 2485 707 2570 Ungarorum
742 2486 841 2554 caede
864 2477 1005 2573 cruente,
1040 2492 1075 2554 et
1108 2488 1184 2554 uisis
1215 2485 1301 2556 ferro
1335 2487 1438 2555 caesis

200 2588 387 2674 corporibus
410 2591 546 2670 illorum
571 2608 653 2673 quae
674 2590 812 2675 plurima
834 2592 973 2658 extincta
1003 2590 1101 2659 atroci
1117 2591 1250 2659 uulnere
1272 2591 1438 2659 Danubius

199 2694 266 2760 suis
289 2695 437 2777 procellis
459 2695 634 2762 aduexerat
658 2693 846 2780 Belegraue,
879 2695 934 2762 ubi
963 2692 1081 2762 reflexo
1105 2694 1198 2762 alueo
1228 2697 1347 2764 iteret
1369 2713 1440 2762 cur·
1521 2731 1526 2754 ι

171 2883 174 2888 Ι
200 2815 271 2863 sum
293 2799 467 2880 continuat,
491 2817 511 2865 a
533 2799 698 2866 Malerrilla
721 2800 843 2866 distans
869 2797 1008 2880 milliari,
1033 2799 1096 2864 dux
1118 2797 1282 2883 praefatus
1304 2797 1442 2880 Niobita,

199 2919 276 2968 suos
310 2907 475 2971 conuocat.
511 2903 554 2970 Et
577 2902 709 2971 oonsilio
732 2903 772 2969 ab
795 2901 941 2970 omnibus
964 2909 1107 2987 accepto,
1140 2909 1230 2969 metu
1258 2921 1442 2982 concussus,

198 3003 376 3090 Belegraue
398 3009 528 3072 Petrum
552 3005 636 3073 ultra
658 3011 837 3089 expectare¹
850 3012 995 3086 recusam
1027 3006 1084 3073 sed
1106 3005 1216 3088 Niczb,
1241 3024 1299 3089 spe
1329 3003 1441 3073 deien-

198 3109 296 3177 sionis
318 3111 475 3177 aduersus
496 3110 583 3176 uires
606 3109 882 3194 Francigenarum,
893 3111 1108 3180 Romanorum
1129 3116 1161 3178 et
1181 3109 1441 3191 -Teutonioorum,

199 3213 275 3296 quia
307 3213 423 3282 robore
455 3232 617 3280 murorum
649 3214 788 3282 edulitatis
821 3215 901 3282 haec
934 3215 1057 3281 munita
1085 3215 1273 3296 habebatur,
1303 3213 1442 3299 migrare

198 3317 368 3402 disposuit,
392 3337 500 3385 secum
523 3319 701 3401 adportatis
716 3319 877 3387 uniuersis
892 3320 1052 3387 thesauris
1073 3319 1271 3402 Belegrane;
1293 3318 1441 3387 concines

197 3439 274 3489 rem
296 3423 390 3505 illius,
413 3442 472 3505 per
494 3423 602 3507 syluas
623 3431 656 3490 et
679 3429 830 3492 montena
851 3442 890 3490 ac
922 3425 1052 3492 deserta
1084 3423 1156 3492 loca
1186 3440 1259 3489 cum
1286 3424 1438 3490 armentis

197 3526 265 3594 suis
287 3527 319 3592 in
341 3525 450 3609 lugam
482 3527 584 3612 misit3
618 3546 785 3611 quousque
808 3529 964 3596 accersito
986 3527 1102 3595 auxilio
1131 3527 1333 3611 imperatoris
1356 3526 1439 3595 Gon·

197 3630 471 3714 stantinopolltani
515 3631 609 3699 sociis
640 3633 728 3701 Petri
766 3632 934 3700 resisteret
966 3637 1000 3700 et
1030 3632 1204 3700 uindictam
1238 3630 1441 3716 Ungaromm

197 3739 371 3803 summeret
402 3742 534 3818 propter
567 3735 738 3804 amicitiam
761 3743 795 3802 et
815 3735 940 3817 foedus,
975 3737 1061 3819 quod
1084 3756 1155 3804 cum
1179 3735 1248 3802 Guz
1271 3735 1387 3803 comite
1409 3739 1443 3803 et

196 3839 340 3923 principe
372 3838 556 3908 Moleuilloe
589 3841 809 3923 percussisset.
855 3840 1041 3908 Transactis
1084 3841 1199 3908 abhinc
1228 3860 1284 3909 sex
1321 3839 1444 3920 diebus,

197 3944 331 4010 nuncius
363 3944 492 4027 quidam
525 3944 566 4012 de
599 3944 678 4011 uilla
711 3945 907 4013 aduenarum
941 3944 1136 4012 Francorum
1169 3945 1266 4013 Petro
1292 3943 1441 4011 celeriter

197 4048 343 4128 mittitur,
367 4048 422 4131 qui
444 4049 526 4115 banc
540 4049 696 4115 minarum
713 4055 832 4116 certam
847 4049 1042 4131 legationem
1063 4048 1110 4114 illi
1122 4047 1288 4130 indicaret,
1311 4048 1437 4114 dicens:

200 4169 276 4234 ,rex
293 4151 465 4236 Ungariae,
481 4153 612 4220 collecto
627 4154 769 4221 exercitu
792 4153 933 4220 uniuersi
954 4153 1044 4235 regni
1065 4152 1115 4220 sui
1137 4153 1170 4218 in
1192 4152 1344 4219 ultionem
1366 4169 1439 4219 suo·

197 4275 268 4322 rnrn
291 4257 332 4323 ad
354 4276 414 4325 uos
436 4257 650 4326 descensums
680 4264 739 4341 est,
771 4259 811 4325 de
834 4257 949 4340 quibus
977 4275 1019 4324 ne
1041 4275 1139 4323 unum
1161 4256 1290 4338 quidem
1318 4259 1442 4322 certum

197 4367 248 4428 est
281 4362 321 4430 ab
354 4361 452 4429 armis
484 4362 570 4430 illius
605 4363 760 4444 euadere;
794 4382 869 4430 nam
904 4363 996 4431 dolor
1025 4363 1201 4430 occisorum
1235 4365 1268 4428 et
1301 4360 1443 4428 lamenta

197 4483 307 4549 regem
329 4470 362 4534 et
384 4466 550 4534 uniuersos
572 4472 723 4551 parentes
746 4471 781 4534 et
802 4467 920 4534 amium
941 4466 1068 4534 illorum
1083 4469 1338 4551 commouemnt3
1362 4483 1442 4548 qua·

198 4576 330 4654 propter
350 4572 536 4654 quantocius
557 4570 689 4638 fluuium
712 4570 856 4639 Marcam
877 4577 1068 4654 superantes
1089 4571 1174 4639 uiam
1197 4574 1340 4638 uestram
1370 4569 1444 4637 hinc

197 4679 388 4744 metumtot
423 4677 537 4745 Petrus
570 4675 750 4761 intelligens
782 4676 862 4743 iram
897 4677 981 4761 regis
1026 4679 1061 4744 et
1092 4675 1179 4744 illius
1217 4675 1441 4761 granbsimum

1322 4777 1341 4818 ⁸
