3602 5304
1397 415 1459 480 253

266 618 414 697 prohibita
438 620 487 679 vel
513 619 616 678 nolens
638 617 827 680 securitatem
850 621 880 680 et
902 613 999 679 otinm'
1007 617 1155 679 Thraciae
1173 614 1372 694 praesuret.
1406 621 1464 698 By·

265 706 362 766 auctio
377 705 477 780 itaque
492 721 547 781 per
568 703 743 764 Heracleam
759 709 789 764 et
803 705 987 781 Drisiperam
1012 705 1223 786 ,Durostolnm
1247 705 1394 788 (Dristar,
1419 706 1463 768 st-

264 789 370 871 listria)
385 789 538 852 advenit“.
565 789 656 850 111000
671 791 727 850 1001
743 790 868 866 chagani
884 792 1015 869 legatum
1031 808 1067 851 eo
1082 791 1231 869 placavit,
1257 791 1389 870 „bellum
1405 792 1461 852 hoc

266 875 410 937 adeamus
431 875 593 936 Sclavenos
616 879 783 950 susceptum
805 870 901 937 esse‘.
925 875 1063 936 Treiecto
1079 875 1168 935 fluvio
1184 874 1244 936 dux
1259 876 1461 954 Andagastum

267 961 378 1040 caedit;
395 962 539 1040 „Romani
554 961 703 1036 ingentem
718 959 927 1020 Sclavenorum
944 977 1097 1020 nnmerum
1108 961 1215 1037 gladiis
1226 963 1384 1038 perimunt,
1403 962 1460 1022 Ar·

267 1049 384 1125 dagaeti
406 1047 606 1122 regiunculam
629 1043 673 1124 (in
695 1046 837 1106 hodierna
856 1040 1012 1127 Valuchia)
1029 1045 1185 1108 0100001001
1199 1051 1229 1106 01
1243 1049 1325 1107 trans
1340 1047 1460 1109 flavium

267 1133 452 1194 Helibaeiam
466 1119 642 1219 (Ἠλιβακία,
658 1149 736 1191 0000
750 1129 900 1209 Jalomita)
915 1132 1176 1208 progrediuntur“.
1193 1131 1460 1209 Adpropiuquante

266 1219 381 1296 hyemis
395 1221 529 1294 tempore
544 1219 740 1277 Romanorum
756 1219 901 1278 exercitus
916 1216 956 1276 ad
970 1217 1122 1278 dexteram
1137 1218 1205 1277 Istri
1220 1217 1315 1295 ripam
1334 1220 1459 1280 reverti·
1489 1289 1498 1305 ,

266 1307 322 1366 tur.
352 1303 437 1364 Anno
460 1302 594 1379 sequenti
616 1299 706 1382 (594)
729 1303 847 1363 Priscus
872 1302 967 1362 denno
982 1320 1096 1363 amnem
1112 1305 1231 1381 transit,
1257 1303 1372 1364 interim
1387 1322 1459 1365 vero

267 1392 398 1451 nundum
412 1389 528 1465 accipit,
547 1386 731 1472 ,chagannm
746 1389 776 1446 in
787 1389 935 1448 Romanos
950 1388 1117 1449 invasurum
1133 1390 1164 1448 et
1178 1388 1338 1449 Sclavenos
1353 1391 1461 1450 Istrum

268 1477 402 1558 traiicere
418 1473 567 1535 iussisse“.
592 1473 661 1547 ¹Quo
678 1472 777 1532 audito
792 1473 981 1533 Theodorum
997 1473 1037 1532 ad
1051 1473 1216 1549 chaganum
1232 1480 1378 1556 oratorem
1393 1477 1457 1535 mit·

269 1563 313 1638 tit,
329 1578 491 1639 pacemque
507 1561 560 1620 init
574 1559 644 1620 data
660 1559 700 1618 illi
718 1558 848 1635 praedae
863 1563 957 1636 parte,
974 1559 1155 1634 redditisque
1168 1561 1253 1620 5000
1264 1561 1456 1636 captivorum.

268 1647 344 1706 Tum
367 1647 486 1705 Priscus
507 1645 682 1721 Byzantium
709 1643 987 1706 revertitur-Anno
1011 1646 1072 1705 596
1096 1645 1156 1704 dux
1178 1645 1301 1724 Petrus,
1325 1647 1459 1706 Mauricii

266 1732 369 1810 irater,
386 1731 443 1806 oui
464 1732 565 1791 Prisco
587 1730 780 1808 substituitur,
807 1747 915 1790 novam
933 1730 1148 1805 expeditionem
1163 1731 1284 1808 suscipit
1299 1735 1330 1792 et
1348 1729 1458 1808 ,Odes-

270 1811 353 1878 sum“
372 1813 499 1898 (Varna)
515 1817 644 1894 accedit;
660 1815 729 1876 dein
747 1817 795 1894 ,in
810 1816 1069 1891 laevamregionis
1084 1817 1162 1875 viam
1177 1817 1317 1876 ilectene“
1334 1818 1459 1878 Mareia-

268 1903 398 1980 nopolim
413 1903 503 1962 venit.
530 1903 605 1962 Pars
619 1903 818 1962 Romanorum
840 1901 986 1962 exercitus
1002 1902 1131 1961 anterior
1147 1903 1210 1962 600
1224 1902 1385 1983 Slsvenos,
1409 1903 1459 1979 qui

268 1988 410 2066 Zaldapa,
425 1987 507 2063 Acys
522 1992 552 2048 et
566 1987 669 2063 Scopis
694 1987 808 2064 praeda
829 1987 926 2047 onusti
949 1987 1166 2066 adventabant,
1190 1988 1340 2067 trucidat·
1354 1989 1461 2048 Petrus

291 2075 402 2134 Pistum
414 2074 575 2150 castellum,
593 2073 699 2134 deiude
711 2073 844 2148 Zaldapa
856 2071 1019 2151 contendit,
1034 2077 1152 2149 postero
1165 2072 1212 2132 die
1224 2073 1340 2134 Jatrum
1356 2065 1459 2134 urbem

269 2123 321 2241 (ad
336 2160 441 2221 ostium
456 2159 536 2219 fluvii
552 2159 639 2236 Jatri,
665 2175 743 2218 nunc
753 2156 871 2236 Jantra)
888 2158 979 2235 venit,
995 2159 1191 2233 Latsrcioque
1207 2160 1329 2218 castello
1344 2164 1460 2236 praete·

268 2245 434 2307 ritoNovae
447 2242 556 2326 (prope
563 2242 674 2324 Sistcv)
691 2244 940 2320 appropinquat“3
956 2244 1075 2303 tandem
1087 2244 1461 2321 snperatis'lheodoropoli

270 2335 301 2392 et
315 2332 436 2392 Ourisca
451 2329 632 2410 (Securisca)
647 2329 778 2389 Asimum
795 2329 996 2408 (Anasimnm,
1020 2328 1059 2389 ad
1074 2330 1179 2389 ostium
1194 2329 1225 2391 fl.
1241 2329 1359 2403 Asami,
1384 2347 1461 2391 nuuc

269 2415 370 2494 Osma)
386 2417 529 2493 pervenit.
546 2416 623 2475 Hinc
639 2420 743 2494 „sexto
759 2416 809 2475 die
821 2417 901 2475 mille
917 2415 996 2474 viros
1004 2415 1043 2475 ad
1054 2415 1154 2475 hostes
1166 2416 1366 2492 explorandos
1378 2417 1459 2495 legit,

268 2503 370 2579 quiin
393 2502 512 2562 totidem
535 2502 681 2578 Bulgarcs
696 2493 889 2590 (Βουλγάροις)
905 2506 1023 2577 praeter
1046 2501 1214 2578 opinionem
1237 2501 1405 2582 incurrunt,
1428 2508 1459 2563 et

268 2590 297 2650 in
311 2588 412 2665 fugam
428 2581 660 2664 compelluntur“
678 2584 769 2668 (anno
785 2585 872 2668 597).
900 2587 964 2646 Nec
986 2588 1098 2648 meliori
1121 2587 1239 2648 fortuna
1260 2589 1459 2649 Romanorum

269 2671 389 2751 agmen,
413 2674 493 2749 qnod
507 2674 630 2734 haiecto
644 2673 720 2732 Istro
736 2674 766 2733 in
784 2673 928 2734 Slavenos
943 2672 1072 2751 incurrit,
1089 2675 1188 2752 utitur,
1205 2674 1457 2750 0001000000οἰ-

267 2760 335 2820 dem
349 2761 379 2819 in
395 2759 530 2819 conflictu
552 2759 626 2819 duce
642 2776 742 2819 eornm
766 2761 929 2835 Perogosto
945 2746 1164 2848 (Πειράγαστος)
1180 2761 1209 2819 10
1225 2759 1327 2837 iugam
1342 2760 1458 2820 coniici-

269 2850 325 2906 tur.
344 2847 452 2922 ,Petro
468 2862 487 2903 a
502 2844 637 2904 barbaris
649 2844 796 2905 debellato
808 2845 927 2905 Priscus
938 2845 998 2905 dux
1010 2846 1223 2925 renuntiatur“,
1241 2847 1291 2921 qui
1303 2863 1371 2906 mox
1383 2862 1460 2916 anso

268 2931 402 3078 wrm
417 2927 510 3076 (libiz)
534 2930 636 3010 „initio
651 2930 748 2992 reris‘¹
775 2925 882 3020 novam
896 2929 1130 3008 expeditionem,
1154 2949 1231 3007 qnae
1246 2949 1337 3008 supra
1351 2931 1461 2992 descri-

289 3037 299 3076 r
347 3033 503 3093 ,snserpr.

310 3102 478 3179 Descriptio
494 3101 691 3178 expeditionis
705 3101 892 3178 probabilem
905 3101 1004 3163 reddit
1025 3101 1191 3179 opinionem
1214 3101 1360 3182 (Rbsslem
1385 3102 1460 3162 Zeit-

269 3187 365 3267 punht
379 3187 434 3248 der
448 3189 522 3251 slav.
537 3187 722 3264 Ansiedlung
736 3205 766 3264 p.
784 3187 847 3266 31),
864 3190 1062 3249 Romanorum
1081 3189 1241 3248 exercitum
1256 3187 1294 3248 ad
1311 3188 1459 3248 Taliatam

272 3273 452 3354 (Hilauovac
466 3275 496 3334 10
511 3272 627 3351 serbis)
642 3275 810 3336 Danubium
825 3275 985 3352 traiecisse,
1011 3278 1101 3350 atque
1114 3275 1165 3333 ria
1179 3274 1261 3333 iuxta
1276 3275 1392 3334 laevum
1407 3274 1461 3332 ilu-

163 3405 165 3410 .
268 3361 353 3421 minis
366 3361 462 3437 ripam
478 3356 523 3440 (in
536 3359 678 3420 hodierno
690 3357 818 3439 Banatu)
831 3361 869 3420 ad
880 3361 982 3421 Novas
998 3357 1029 3441 (e
1040 3360 1162 3436 regione
1173 3359 1351 3438 Laderatae,
1367 3376 1461 3436 prope

269 3446 363 3509 Rama
389 3447 419 3505 in
441 3443 559 3527 Serbia)
582 3463 676 3521 usque
698 3450 880 3522 penetrasse.
906 3447 1017 3506 Verum
1043 3445 1209 3524 expeditio,
1237 3461 1314 3520 quae
1336 3447 1461 3521 primum

270 3535 371 3609 contra
387 3532 531 3592 Starenos
553 3531 666 3593 directa
681 3536 762 3610 erat,
785 3531 815 3590 in
831 3532 938 3592 bellum
955 3537 1057 3592 contra
1071 3531 1189 3592 Avarus
1204 3532 1339 3597 vertitur.
1367 3531 1461 3606 Singi-

271 3617 397 3689 dunum,
424 3619 517 3694 puisis
532 3634 570 3678 ex
591 3635 625 3677 eo
641 3618 778 3694 Belgaris
802 3615 963 3696 (Historiae
978 3619 1126 3678 miscellae
1143 3613 1193 3679 lib.
1214 3620 1263 3694 17,
1278 3635 1307 3694 p.
1328 3618 1397 3677 119.
1414 3616 1462 3677 ed.

269 3701 435 3783 liuratori),
452 3720 526 3778 quos
542 3703 693 3780 chaganus
717 3704 817 3763 eiectis
831 3704 971 3763 Romanis
987 3704 1015 3762 in
1030 3703 1104 3764 urbe
1119 3705 1333 3781 collocaverat,
1359 3703 1463 3762 iterum

270 3789 391 3866 imperio
408 3790 577 3852 restituitur.
593 3789 760 3867 Theophyl.
779 3789 881 3851 histor.
898 3789 949 3849 lib.
961 3789 1014 3862 VI,
1030 3806 1056 3850 0.
1067 3791 1182 3851 5-11.
1199 3789 1317 3850 lib.VII
1332 3790 1462 3850 0.1-5.

271 3873 317 3937 01)
332 3875 388 3936 hoc
403 3873 496 3938 iratus
512 3875 663 3951 chaganus
674 3893 744 3935 mox
757 3875 858 3952 copias
873 3891 978 3936 versus
992 3891 1074 3936 mare
1090 3876 1120 3934 in
1134 3875 1331 3936 occidentales
1347 3875 1462 3950 imperii

187 3993 189 3998 ·
269 3965 369 4038 partes
391 3960 488 4040 ducit,
511 3961 748 4037 Dalmatiamque
772 3961 916 4023 devastat.
945 3961 1141 4037 Irruptionem
1164 3960 1240 4021 hanc
1256 3961 1359 4021 eodem
1375 3977 1462 4041 anuo,

269 4051 336 4123 post
358 4051 563 4123 recuperatum
581 4047 754 4108 aRcmanis
776 4041 985 4130 Singidunum,
1016 4048 1149 4108 evenisse
1164 4049 1213 4107 vel
1228 4047 1291 4124 ipse
1307 4049 1462 4106 contextus

270 4133 349 4208 apud
367 4131 625 4208 'theophylactum
640 4134 735 4194 docet.
755 4133 865 4193 hinralt
879 4132 946 4210 (loc.
964 4130 1026 4209 cit.)
1042 4133 1168 4212 aliique,
1195 4133 1245 4208 qni
1261 4133 1340 4192 illam
1356 4131 1395 4191 ad
1411 4149 1461 4191 an·

272 4235 340 4278 num
356 4220 418 4278 599
435 4223 557 4297 ponunt,
572 4219 767 4280 recentiorum
783 4220 968 4298 scriptorum,
984 4217 1176 4296 Theophanis
1190 4223 1221 4278 et
1231 4219 1380 4278 Historiae
1395 4218 1464 4276 mis·

271 4304 373 4382 cellae,
397 4303 598 4381 chronologia,
623 4304 756 4380 quamvis
771 4303 801 4364 hi
816 4320 878 4364 rem
893 4305 989 4380 ipsam
1004 4321 1023 4364 a
1037 4303 1263 4381 Theophylacto
1281 4302 1461 4380 acceperint,

268 4387 385 4452 seducti
403 4393 479 4451 sunt.

265 4487 272 4517 ¹
289 4485 381 4542 Etiam
399 4502 472 4541 nnnc
489 4486 588 4542 format
605 4486 748 4543 Danubius
766 4487 881 4543 insulam
899 4503 917 4543 a
933 4488 993 4544 loco
1012 4487 1098 4544 Rama
1109 4503 1202 4544 uersus
1214 4486 1381 4544 occidentem
1393 4487 1463 4541 ferre

223 4572 361 4642 usquead
378 4571 467 4642 Margi
485 4573 620 4644 (Honora)
638 4574 747 4629 ostium.
801 4575 811 4605 ²
829 4572 982 4628 Secundum
995 4573 1117 4629 Priscum
1131 4573 1281 4642 (Excerpta
1293 4587 1308 4627 0
1320 4573 1406 4628 Prisci
1425 4572 1465 4625 hi·

220 4661 305 4714 atcria
322 4675 350 4730 p.
372 4661 429 4717 167,
446 4659 487 4714 ed
505 4659 605 4728 Buun.)
624 4667 683 4730 ,eat
699 4659 812 4730 Margus
830 4659 896 4715 urbs
914 4660 943 4714 iu
961 4660 1070 4732 Illyrico
1086 4661 1224 4731 Mysorum
1243 4660 1278 4715 ad
1295 4660 1396 4716 Istrum
1411 4659 1465 4714 sita
