3604 5276
327 443 390 505 308

369 644 509 711 Tandem
534 643 594 708 deo
618 642 698 708 duce
719 641 881 723 prosperis
901 641 1004 707 ventis
1020 640 1173 708 Jaderam
1189 641 1396 708 devenerunt.
1421 641 1563 724 Cumque

326 748 409 830 apud
433 748 565 815 eandem
590 746 751 812 civitatem
775 745 995 823 devenissent,
1025 745 1211 812 Benenatus
1235 746 1315 825 dux,
1347 747 1496 828 quoniam
1518 745 1567 812 vir

324 853 466 934 prudeus
490 857 560 916 eret
581 855 614 916 et
637 855 841 931 praepotens,
865 867 978 931 magua
996 867 1064 913 cunr
1082 849 1112 912 vi
1128 847 1290 914 nitebatur
1304 850 1567 932 pretiosissimum

277 1029 278 1038 χ
326 973 441 1036 corpus
463 959 692 1036 praenarratae
716 952 846 1034 virginis
870 957 903 1018 et
925 953 1073 1033 martyris
1095 969 1203 1017 secum
1219 952 1373 1018 Venetiae
1390 957 1566 1034 asportare.

325 1060 470 1127 Donatus
501 1075 574 1125 vero
606 1057 820 1140 archipraesul
844 1076 862 1122 e
886 1073 1037 1122 converse
1067 1058 1229 1122 nitebatur
1258 1058 1405 1124 similiter
1427 1059 1567 1124 retinere

326 1165 415 1244 illud,
440 1181 477 1228 ac
500 1181 624 1228 summa
646 1179 717 1226 cum
742 1161 948 1227 veneratione
971 1161 1103 1226 Jadram
1127 1161 1338 1228 introducere.
1368 1160 1491 1238 Quibus
1513 1162 1568 1227 diu

326 1267 565 1347 altercantibus,
590 1267 779 1348 permissum
802 1269 855 1330 est
878 1263 966 1349 duci3
990 1265 1040 1330 cui
1064 1259 1134 1329 cum
1156 1265 1343 1347 permissum
1356 1263 1440 1332 foret
1454 1265 1494 1330 ab
1510 1264 1566 1332 hu·

326 1374 479 1457 minibus,
511 1372 702 1454 denegatum
732 1376 784 1436 est
812 1369 873 1435 sibi
895 1387 915 1434 a
937 1369 1008 1435 deo.
1044 1366 1105 1445 Qui
1128 1385 1199 1434 cum
1222 1369 1371 1450 navigare
1394 1371 1565 1458 coepisset,

327 1477 432 1544 subito
456 1476 514 1541 sub
539 1459 620 1540 coeli
644 1473 816 1540 serenitate
839 1479 873 1538 et
894 1473 990 1537 maris
1013 1489 1051 1536 ac
1078 1471 1232 1553 temporis
1249 1472 1480 1553 tranquillitate
1497 1478 1569 1537 crta

327 1585 377 1646 est
398 1584 572 1661 tempestas
595 1577 717 1654 valida;
741 1581 797 1640 ae'r
819 1593 956 1657 namque
979 1575 1145 1654 turbatur,
1171 1593 1291 1656 aequor
1312 1580 1431 1654 tumet,
1454 1583 1568 1641 ventus

327 1683 526 1762 adversatur,
550 1680 640 1746 navis
663 1697 739 1746 vero
761 1679 824 1744 huo
846 1685 943 1760 atque
966 1678 1041 1744 illuc
1064 1680 1165 1745 ventis
1188 1697 1225 1744 ac
1247 1676 1395 1746 fluctibus
1418 1680 1568 1761 agitatur.

327 1786 511 1854 Benenatua
534 1791 640 1851 autem
662 1784 725 1849 dux
748 1789 919 1866 expectans
946 1782 1099 1864 temporis
1122 1788 1156 1847 et
1178 1784 1274 1848 maris
1297 1782 1568 1863 tranquillitatem,

327 1890 515 1971 saepissime
545 1892 676 1954 conatus
706 1894 757 1953 est
778 1905 842 1952 una
865 1904 935 1951 cum
959 1886 1156 1952 sanctissimo
1180 1903 1313 1968 corpore
1345 1885 1568 1952 transfretare.

326 1993 387 2071 Qui
411 2012 481 2058 cum
505 1993 564 2058 hoc
586 1993 646 2058 sibi
678 1991 828 2056 divinitus
855 1990 1046 2073 denegatum
1077 1989 1147 2056 iore
1177 1990 1395 2073 cognovisset,
1429 1990 1567 2068 tandem,

326 2097 402 2163 licet
431 2098 567 2180 invitus,
599 2097 726 2161 Donato
758 2094 987 2176 archipraesuli
1019 2093 1217 2159 sanctissimo
1237 2100 1271 2160 et
1293 2101 1406 2159 cuncto
1429 2094 1513 2159 clero
1536 2099 1571 2159 et

328 2202 445 2285 populo
469 2200 619 2267 Jadrensi
641 2199 821 2266 habendum
843 2198 997 2280 permisit.

373 2305 423 2370 Ad
456 2309 579 2370 tautum
614 2322 690 2369 vero
724 2302 909 2368 miraculum
941 2303 1044 2366 omnis
1074 2302 1235 2367 concurrit
1264 2307 1371 2381 aetas,
1407 2302 1572 2384 omnisque

328 2427 442 2489 sexus,
475 2407 575 2475 omnis
599 2406 737 2473 conditio
761 2406 883 2472 exultat
912 2405 1034 2489 animo,
1066 2406 1211 2470 manibus
1235 2405 1408 2486 plaudunt,
1440 2406 1570 2472 vocibus

329 2512 475 2596 clamant,
499 2510 646 2576 laudibus
671 2515 824 2574 resonant
846 2509 1006 2574 dicentes:
1041 2507 1170 2586 „Gloria
1192 2509 1264 2590 tibi,
1296 2508 1439 2575 domine!
1469 2507 1572 2591 gloria

328 2617 397 2700 tibi,
421 2612 584 2681 domine!“
621 2613 765 2694 Cumque
787 2613 842 2678 diu
864 2612 1063 2694 multumque
1085 2612 1117 2676 in
1141 2611 1193 2677 dei
1215 2612 1343 2678 laudem
1366 2617 1400 2678 et
1422 2611 1571 2677 beatissi-

330 2739 403 2786 mae
425 2719 558 2801 virginis
580 2717 788 2783 acclamatum
811 2715 934 2796 luisset,
958 2716 1086 2781 tandem
1110 2715 1247 2797 populus
1271 2715 1437 2798 acquievit.
1471 2714 1570 2780 Naris

329 2842 405 2890 vero
422 2824 453 2887 in
471 2841 533 2904 qua
549 2840 663 2904 corpus
678 2826 808 2886 sanctae
823 2819 953 2903 virginis
968 2821 1117 2901 martyris
1133 2817 1322 2885 Anastasiae
1338 2826 1419 2899 erat,
1444 2819 1570 2884 nemine

331 2931 474 3009 cogente,
506 2925 563 2991 sed
585 2927 724 3007 ipsamet
746 2925 837 3005 quasi
860 2925 923 2989 levi
947 2925 1085 3004 quodam
1107 2923 1214 2988 volatu
1238 2924 1279 2989 ad
1302 2930 1428 3004 portum
1450 2923 1571 2989 Jadrae

331 3049 434 3111 usque
465 3025 627 3113 pervenit,
660 3029 701 3093 ad
731 3034 874 3110 portem,
907 3045 989 3109 qnae
1016 3033 1065 3092 cst
1092 3028 1180 3091 iuxta
1201 3027 1368 3093 ecclesiam
1391 3047 1416 3092 a.
1440 3027 1571 3110 Georgii

329 3135 487 3217 martyris.
510 3132 736 3215 archipraesul
759 3151 835 3198 vero
859 3131 1004 3196 Donatus
1028 3129 1118 3211 quasi
1141 3137 1274 3212 paratus
1289 3131 1330 3195 ad
1345 3131 1570 3197 celebrandum

329 3241 477 3320 missam,
509 3256 572 3302 una
594 3255 664 3302 curn
688 3236 828 3316 clericis,
859 3233 1040 3313 monachis,
1065 3233 1373 3314 sanctimonialibus,
1398 3253 1434 3300 ac
1457 3235 1570 3300 ceteris

329 3343 408 3408 viris
431 3341 597 3424 religiosis,
622 3340 831 3420 sequentibus
852 3356 928 3404 vero
951 3338 1119 3416 militibus,
1144 3355 1214 3402 cum
1237 3337 1383 3417 praelato
1404 3337 1570 3403 Benenato

332 3447 414 3513 duce
437 3445 652 3524 venetiarum,
677 3450 840 3510 cantantes
863 3448 897 3509 ct
918 3441 1092 3522 psallentes
1114 3461 1151 3507 ac
1173 3442 1303 3508 summis
1319 3442 1571 3508 laudibusvene-

331 3557 443 3616 rantes
473 3567 589 3632 corpus
620 3549 821 3615 beatissimae
844 3546 974 3629 virginis
997 3552 1031 3610 et
1051 3546 1201 3628 martyris
1224 3545 1412 3612 Anastasiae
1436 3565 1493 3628 per
1516 3566 1569 3611 sn·

329 3673 389 3736 pra
410 3654 526 3719 dictam
553 3659 677 3734 portam
703 3652 735 3717 in
762 3651 922 3716 civitatem
947 3650 1202 3728 introducentes,
1226 3651 1267 3715 ad
1295 3649 1460 3716 ecclesiam
1485 3651 1571 3718 beati

328 3757 427 3842 Petri,
448 3758 502 3822 ubi
519 3756 763 3840 archipraesulis
780 3761 813 3822 et
827 3774 911 3821 nuuc
926 3762 976 3821 est
991 3755 1092 3834 sedes,
1109 3754 1334 3840 perduxerunt,
1350 3755 1457 3837 ibique
1472 3756 1571 3821 multa

330 3879 400 3928 curn
431 3863 636 3928 veneratione
668 3861 721 3925 diu
752 3865 911 3941 noctuque
941 3860 1178 3946 custodierunt,
1210 3861 1312 3925 donec
1333 3858 1380 3922 illi
1402 3858 1514 3925 aedem
1537 3865 1571 3924 et

330 3983 428 4046 aram,
452 3965 508 4030 ubi
531 3965 609 4030 illud
632 3965 816 4044 conderent,
841 3971 1079 4044 praepararent.

373 4069 506 4134 Interim
524 4074 631 4133 autem
646 4068 763 4133 multas
779 4067 907 4152 ibidem,
921 4067 1048 4131 domino
1065 4070 1266 4147 cooperante,
1283 4067 1467 4134 beatissima
1483 4069 1570 4150 virgo

329 4179 363 4240 et
385 4179 505 4254 martyr
528 4173 699 4238 Anastasia
720 4175 856 4238 virtutes
880 4179 1013 4252 operata
1035 4176 1095 4235 est.
1125 4168 1188 4236 Sed
1212 4171 1322 4253 quanti
1345 4171 1432 4236 caeci
1455 4173 1570 4238 illumi-

329 4278 413 4356 nati,
446 4277 555 4357 quanti
586 4275 752 4358 paralytici
784 4276 901 4353 curati,
933 4273 1042 4356 quanti
1065 4293 1085 4338 a
1108 4274 1313 4341 daemonibus
1336 4275 1480 4353 liberati,
1512 4294 1571 4343 nec

330 4381 439 4462 lingua
461 4397 607 4462 promere
630 4377 755 4458 sufficit,
780 4397 839 4444 nec
860 4378 1043 4444 intellectus
1067 4395 1182 4460 capere
1204 4383 1321 4460 potest.

375 4482 468 4550 Cives
491 4501 566 4548 veru
589 4481 762 4548 Jadreuses
784 4482 947 4548 basilicam
969 4482 1055 4547 beati
1077 4483 1173 4560 Petri,
1197 4481 1229 4546 iu
1251 4500 1315 4562 qna
1338 4481 1572 4564 supradictum

331 4605 447 4670 corpus
469 4587 676 4653 beatissimae
700 4587 829 4669 virginis
852 4591 885 4652 et
906 4585 1055 4667 martyris
1074 4584 1263 4650 Anastasiae
1279 4584 1457 4667 depositum
1473 4591 1572 4661 extat,

332 4692 365 4758 in
388 4693 467 4758 aede
492 4691 553 4756 sibi
576 4690 751 4773 apostolico
775 4690 904 4756 decreto
928 4690 1034 4754 dicata
1058 4688 1286 4774 condiderunt;
1311 4707 1393 4770 quae
1409 4690 1450 4756 de
1464 4695 1573 4755 cetero
