3548 5282
330 373 397 442 4⁷0

419 582 534 645 ailberti
549 581 697 658 Aquensis
712 581 814 642 butor.
834 580 972 644 hierosol.
995 581 1046 642 lib.
1063 581 1103 658 Π,
1120 598 1146 643 o.
1164 582 1260 643 6-7.
1278 597 1306 657 p.
1326 581 1509 642 199-200.
1525 579 1573 642 ed.

375 670 426 733 cit.
442 668 577 731 Willrenz
594 667 772 729 Goschichte
784 667 837 729 der
849 669 1025 746 Krennndge
1037 668 1062 747 1,
1077 667 1257 730 102-105.
1274 666 1428 728 Michand:
1444 666 1575 728 Histoire

377 757 430 818 des
445 755 603 818 croisades
619 756 643 832 1,
661 757 778 817 84-5.

941 947 969 1008 3.

332 1033 356 1096 l.
371 1035 428 1096 ltu.

247 1199 254 1210 -
333 1151 518 1219 Dalmatius
544 1149 636 1217 urbes
665 1149 744 1215 doni
779 1147 901 1214 Veientis
931 1148 1107 1215 subsidium
1135 1151 1170 1215 in
1200 1147 1392 1234 expeditione
1424 1150 1574 1216 craecia.

376 1274 492 1342 vitalis
522 1272 658 1340 Michael
688 1273 751 1339 dux
782 1272 934 1338 statuitur
963 1290 1045 1338 anno
1068 1271 1187 1338 domini
1217 1271 1320 1338 nostri
1349 1269 1426 1337 Iesu
1457 1268 1576 1339 Christi

332 1377 503 1446 millesimo
524 1374 730 1460 nonagesimo
754 1380 853 1442 sexto.
878 1376 949 1454 Quo
972 1381 1079 1442 creato
1102 1375 1218 1442 Veneti
1234 1392 1360 1442 crucem
1376 1381 1576 1443 assumentes

333 1481 509 1551 subsidium
539 1482 572 1546 in
603 1479 811 1561 acquisitione
840 1484 946 1546 terrae
978 1484 1107 1547 sanctae
1137 1479 1264 1546 mittere
1294 1480 1520 1560 decreverunt3
1543 1485 1576 1548 et

333 1606 392 1671 per
415 1586 541 1670 legatos
558 1603 644 1667 suos,
678 1583 871 1651 Beduan'um
896 1584 936 1651 de
960 1581 1088 1667 Spinale
1121 1589 1155 1650 et
1187 1583 1380 1650 Phaledrum
1413 1581 1575 1664 Stomato,

333 1690 541 1769 Dalmatinos,
564 1693 601 1755 ut
623 1687 797 1769 conferant
832 1687 1009 1770 requirnnt.
1040 1687 1091 1753 llli
1114 1693 1222 1755 antem
1245 1687 1321 1754 fidei
1354 1688 1423 1754 nelo
1446 1691 1479 1754 et
1501 1706 1575 1772 pro-

332 1795 449 1862 missae
472 1792 637 1860 fidelitatis
659 1793 847 1858 assentiunt.
871 1791 1073 1875 congregata
1095 1793 1204 1874 itaque
1224 1793 1376 1859 concione
1398 1793 1431 1858 in
1454 1793 1576 1874 capella

334 1899 437 1965 saneti
467 1895 566 1963 Marci
597 1895 772 1962 Henricum
802 1894 986 1962 Centareno
1016 1897 1200 1980 episcopum
1231 1896 1263 1962 in
1291 1914 1384 1962 sunm
1407 1903 1575 1975 rectorem,

333 2002 487 2069 Ioannem
510 2018 585 2068 vero
607 1999 806 2079 Michaelem,
831 1999 920 2066 ducis
937 2000 1088 2082 genitum,
1111 1999 1143 2066 in
1166 2001 1278 2068 ducem
1294 2001 1452 2066 exercitus
1469 2001 1575 2082 elege-

334 2113 419 2174 runt
441 2106 486 2172 lit
516 2105 722 2172 ducentorum
756 2103 825 2171 iere
854 2104 1054 2188 navigiorum
1086 2109 1199 2188 pareto
1225 2103 1308 2172 stolo
1331 2123 1352 2170 a
1372 2109 1468 2186 portu
1490 2123 1575 2172 sece-

335 2212 447 2280 dentes
468 2209 501 2275 in
523 2208 716 2277 Dalmatiam
739 2209 887 2288 veniunt3
911 2212 944 2274 et
966 2209 1008 2275 ab
1031 2207 1077 2275 eis
1099 2214 1227 2291 sumpta
1253 2206 1408 2275 fidelitate
1431 2228 1469 2276 ex
1498 2209 1576 2292 ipsis

334 2333 441 2384 secum
464 2317 641 2398 assumunt,
665 2317 699 2378 et
720 2311 868 2377 Rhodum
890 2311 1058 2395 navigant3
1082 2311 1138 2378 ubi
1159 2312 1309 2394 hyemare
1332 2318 1498 2395 coguntur.

424 2437 462 2499 Α.
478 2436 609 2498 Danduli
624 2435 782 2497 chronicon
797 2435 934 2497 venetum
950 2437 997 2501 ed.
1012 2437 1155 2498 Muratori
1169 2436 1237 2515 XII,
1255 2438 1327 2497 256.

421 2524 506 2599 Quae
523 2523 560 2584 de
575 2524 695 2584 navium
710 2539 832 2583 numero
848 2527 879 2583 et
895 2522 933 2584 de
948 2522 1077 2583 adventu
1092 2540 1195 2583 earnm
1207 2523 1235 2583 in
1248 2523 1428 2584 Dalmatiam
1443 2523 1576 2584 referun-

380 2616 438 2689 tur,
454 2609 562 2672 hausta
577 2614 646 2671 sunt
661 2627 677 2670 e
693 2609 885 2670 translatione
900 2627 924 2669 s.
940 2610 1056 2670 Niooiai
1072 2607 1222 2690 (Ughelliz
1248 2609 1335 2670 Italia
1350 2626 1435 2670 sacra
1452 2613 1522 2672 tom.
1539 2611 1576 2686 V,

380 2698 435 2760 ool.
451 2699 534 2758 1220
546 2713 585 2756 ss.
599 2695 767 2758 Cornelius:
784 2696 898 2757 Euclea.
915 2700 1009 2757 venet.
1025 2697 1088 2757 dec.
1103 2697 1175 2758 Dec.
1189 2696 1257 2769 ΧΗ,
1271 2699 1289 2756 6
1302 2695 1365 2773 ss),
1383 2713 1459 2771 quae
1474 2714 1493 2757 a
1508 2714 1576 2773 syn-

378 2783 489 2846 chrono
513 2782 658 2843 monacho
682 2781 811 2858 quodam
834 2786 942 2842 veneto
958 2783 1132 2843 concinnata
1147 2799 1213 2842 esse
1228 2782 1354 2845 videtur.
1382 2782 1575 2844 Simonsfeld:
1634 2851 1640 2860 ,

378 2869 515 2930 Androm
530 2868 667 2930 Dandolo
683 2867 744 2929 und
759 2868 840 2929 seina
856 2867 1140 2930 Geschichtswerlre.
1158 2868 1188 2930 S.
1203 2872 1253 2946 96,
1269 2871 1339 2931 120.
1358 2869 1441 2944 Quae
1456 2869 1526 2930 item
1539 2869 1577 2931 de

378 2956 509 3018 subsidio
526 2973 545 3015 a
560 2956 738 3016 Dalmatinis
753 2955 822 3016 dato
839 2954 1034 3030 adducuntur,
1052 2954 1260 3016 confirmantur
1278 2955 1498 3032 „promissionis
1513 2973 1576 3016 car-

377 3043 464 3104 tulis‘*
481 3041 700 3119 Spoletinorum
712 3045 742 3102 et
753 3041 987 3117 Tragurensinm
997 3040 1038 3120 (v.
1047 3040 1124 3102 Acta
1135 3059 1180 3104 nr.
1193 3043 1373 3120 138-139,
1382 3059 1412 3118 p.
1424 3037 1576 3125 178-9).

421 3162 650 3242 Expeditionum
677 3163 883 3243 cruciatuum,
907 3179 985 3239 qnae
1001 3161 1172 3224 Obroatiam
1187 3167 1217 3224 et
1231 3163 1410 3224 Dalmatiam
1425 3164 1577 3242 continge·

378 3252 460 3332 bant,
484 3250 638 3312 obscurior
660 3250 801 3310 memorie
823 3249 920 3326 potnit
942 3249 1073 3326 sequiori
1094 3253 1192 3310 aetate
1207 3266 1310 3311 ansam
1326 3249 1399 3311 dare
1414 3255 1577 3311 commento

378 3337 417 3399 de
440 3337 588 3399 Svinimiri
611 3337 692 3412 regis
714 3335 925 3413 prouocatione
948 3335 988 3397 ad
1011 3339 1126 3413 partem
1152 3335 1326 3413 capiendam
1347 3341 1377 3396 in
1400 3336 1579 3398 eliberandis

378 3425 471 3486 sacris
493 3425 575 3506 locis,
601 3422 698 3499 deque
713 3423 790 3484 hanc
805 3423 843 3484 ob
858 3440 922 3484 rem
944 3423 1103 3484 subsecuta
1126 3439 1282 3500 procerum
1309 3423 1526 3500 conspiratione
1548 3428 1579 3483 et

380 3512 461 3588 regis
476 3510 577 3572 caede.
600 3509 737 3570 Kronilra
757 3507 917 3571 hrvatslsa:
941 3507 1037 3569 Arkiv
1060 3527 1096 3570 na
1116 3507 1228 3587 jugosl.
1252 3511 1378 3586 poviest.
1395 3511 1419 3588 1,
1437 3511 1577 3572 33-36.

379 3598 415 3659 V.
431 3597 497 3658 lind
512 3597 592 3676 XIX,
611 3599 771 3658 97-104.

373 3717 382 3750 ¹
406 3711 560 3782 Raimundi‚
588 3713 694 3768 comitis
718 3713 848 3769 'dolosani
872 3711 915 3768 vel
945 3711 979 3768 de
997 3728 1018 3768 s.
1044 3711 1167 3782 Aegidio.
1246 3715 1256 3744 ²
1281 3713 1422 3771 Podiensis
1439 3715 1577 3772 amman.

339 3799 349 3832 ³
373 3799 437 3872 „Eis
460 3799 589 3868 Bodinns,
614 3799 771 3856 Selsvorum
784 3813 852 3867 rex,
875 3799 1058 3855 amicabiliter
1083 3798 1177 3855 lauit“.
1201 3799 1295 3856 Order.
1323 3799 1407 3858 vitel.
1425 3799 1471 3856 lx.
1491 3803 1516 3857 d
1535 3802 1578 3857 ed.

335 3889 368 3944 L
387 3889 545 3957 Leprdvost.
565 3891 629 3941 tom.
654 3885 704 3955 Ill,
732 3902 792 3956 pag.
818 3887 877 3940 485.
951 3885 1093 3942 ⁴Scilioet
1115 3886 1284 3943 Raimnndus
1309 3901 1398 3944 munes
1425 3887 1579 3946 Tolosanus

336 3981 364 4030 et
392 3973 545 4029 Ademarns
573 3973 718 4042 episcopus
746 3971 897 4028 Podiensis.
924 3971 994 4027 Vide
1022 3974 1088 4029 item
1114 3971 1163 4029 lib.
1190 3973 1211 4042 1,
1240 3988 1262 4028 c.
1289 3975 1329 4028 17.
1420 3973 1579 4030 ‘ladonam

339 4061 520 4117 ‘Sensaveic
544 4060 588 4117 W.
613 4061 676 4131 Tyr.
751 4059 940 4130 ’Belegrada
964 4059 1090 4130 Belgrad,
1119 4060 1214 4116 civitas
1233 4059 1268 4116 ad
1286 4059 1441 4116 conllurum
1468 4060 1531 4116 Sari
1552 4068 1581 4117 et

335 4148 465 4218 Danubii,
483 4147 614 4204 Romanis
641 4147 827 4216 Singidunum.
845 4145 1030 4216 Distinguitur
1053 4162 1069 4202 a
1088 4148 1198 4203 civitate
1216 4147 1338 4204 eiusdem
1355 4149 1479 4218 nominis,
1498 4165 1580 4218 quarn

336 4234 495 4291 willermus
521 4235 642 4305 archiep.
668 4233 798 4305 Tyrensis
820 4233 968 4300 (historiae
986 4233 1032 4288 lib.
1052 4235 1073 4303 Ι,
1093 4250 1115 4289 c.
1137 4237 1177 4292 17.
1196 4234 1237 4288 ed.
1262 4233 1406 4306 Bongars),
1433 4237 1580 4292 tasnatum

335 4321 494 4378 Godesealci
513 4338 563 4392 per
581 4322 747 4391 Hungariam
766 4320 932 4391 describens,
950 4321 1095 4390 intelligit:
1120 4320 1311 4390 „Tandemque
1330 4323 1403 4391 apud
1421 4321 1518 4392 locum,
1536 4325 1580 4380 oui

239 4443 244 4450 -
335 4425 432 4465 nomen
456 4408 619 4478 Bellograua
645 4417 696 4478 est,
715 4409 761 4478 qni
779 4408 856 4464 locus
874 4409 902 4462 in
927 4409 1053 4463 umbilico
1072 4409 1149 4477 regni
1175 4423 1268 4464 eorum
1292 4409 1399 4478 positus
1424 4417 1474 4478 est,
1498 4425 1578 4480 prec-

334 4495 467 4551 dictorum
484 4496 683 4552 insensatorum
702 4495 841 4551 confusam
858 4496 1000 4564 reperiunt
1018 4495 1242 4549 multitudinem&
1261 4495 1345 4551 Hiecc
1357 4495 1520 4564 Bellagraus
1539 4505 1580 4554 est

336 4580 461 4651 Belgrad
480 4581 553 4636 Alba
570 4582 652 4651 regia.
726 4583 736 4614 ⁸
756 4581 881 4650 „Semlim
901 4581 957 4637 Nos
976 4582 1055 4637 vieux
1074 4581 1238 4650 chroniquer
1254 4588 1300 4638 ont
1318 4583 1415 4654 appell
1428 4589 1499 4638 cctte
1517 4583 1580 4638 rille

336 4666 445 4725 llialle
469 4667 567 4725 llilla
585 4668 658 4738 (ville
676 4668 711 4724 du
730 4667 874 4739 malhenr),
894 4667 919 4722 d'
934 4668 1018 4724 abord
1035 4683 1117 4738 parce
1136 4669 1181 4737 qu'
1197 4668 1231 4726 ils
1249 4671 1276 4724 n’
1292 4683 1326 4726 en
1344 4670 1467 4727 savaient
1485 4686 1536 4742 pas
1554 4671 1579 4727 lc
