3494 5410
1347 389 1479 458 el.

238 593 333 654 Heius
355 595 413 654 acti
435 595 493 656 dno
516 595 623 656 adsunt
645 597 842 675 exemplaria:
870 595 900 674 s)
916 615 1004 658 unum
1030 599 1151 660 membr.
1168 601 1197 658 in
1213 601 1387 676 regnicoleri

195 681 318 741 erebivo
334 681 497 758 anebriee
513 685 589 744 inter
603 684 669 744 doe.
685 685 775 760 antiq.
792 703 837 744 nr.
854 686 906 762 VI,
930 686 985 744 litt.
1002 687 1119 760 longob.
1137 687 1267 747 eiusdem
1282 687 1325 746 xl
1341 689 1389 746 vel

194 768 253 828 XII
271 770 397 848 saecn1i3
421 771 544 830 alterum
566 770 597 848 b)
613 771 642 830 in
657 771 777 832 archivo
794 790 820 832 c.
835 790 860 835 r.
876 774 931 832 loo.
957 773 1069 832 consilii
1084 769 1215 834 Jaderee
1231 775 1306 834 inter
1320 779 1388 834 ecta

195 855 365 915 monasterii
387 873 411 917 s.
428 854 612 933 Chrysogoni
634 875 715 934 ceps.
732 857 756 935 1,
780 875 867 920 mess.
885 857 922 934 Η,
948 876 992 918 nr.
1010 861 1038 918 7.
1066 859 1195 920 Huiusce
1211 861 1388 936 exemplaris

197 941 283 1000 adest
299 957 416 1017 qnoque
438 943 545 1003 ibidem
570 944 717 1004 recentius
731 949 971 1022 bsmsomptnm.
992 943 1068 1006 Vide
1083 945 1148 1006 de
1163 942 1297 1024 XXXVI,
1318 948 1388 1006 145.

236 1025 308 1088 God.
325 1029 396 1104 dipl.
413 1027 495 1091 cst).
512 1030 535 1106 1,
555 1031 626 1092 137.

191 1126 263 1180 'ibn
281 1127 336 1196 xpi.
425 1127 482 1182 ‘st
505 1127 634 1186 librerias
657 1129 686 1184 in
715 1128 880 1200 designanda
906 1129 1052 1186 indictione
1079 1145 1133 1186 non
1161 1130 1278 1186 errarit:
1305 1131 1388 1186 docu-

149 1220 271 1268 mentum
296 1213 348 1270 hoc
375 1223 437 1284 post
456 1218 468 1268 l
489 1215 649 1286 septembris
675 1219 743 1270 1070
767 1217 847 1284 enni,
875 1233 928 1286 que
946 1215 1056 1272 indictio
1074 1217 1113 1272 IX
1131 1217 1184 1272 iam
1203 1219 1387 1286 inchoaverat,

150 1301 280 1370 scriptum
298 1299 357 1355 init.
413 1301 424 1332 ³
442 1301 495 1357 Pro
515 1303 655 1372 „quertot
674 1303 812 1358 Romanus
829 1303 868 1357 1v
880 1319 897 1358 a
911 1307 924 1358 1
938 1303 1054 1359 ianuarii
1070 1305 1135 1360 1068
1148 1319 1203 1360 one
1221 1321 1281 1360 eum
1299 1305 1389 1360 Eudo·

150 1388 197 1443 xie
214 1388 350 1457 imperare
369 1389 463 1458 coepit
519 1389 527 1418 ¹
541 1389 693 1458 Exempto
707 1388 905 1460 „Siuinnimir“‚
917 1389 1092 1446 Ssvsnnimir.
1105 1391 1143 1446 Cf.
1154 1390 1204 1446 Die
1214 1390 1331 1461 Bildung
1340 1391 1389 1446 der

149 1476 217 1530 alar.
230 1475 474 1532 Personennamen.
484 1491 524 1532 nr.
535 1479 592 1532 337.
631 1475 773 1547 ⁵iixempl.
783 1495 800 1530 a
812 1475 1015 1546 „Redeamus“.
1064 1477 1208 1548 ‘Exempi
1227 1497 1244 1532 c
1255 1478 1388 1548 „ualeco¹‘.

151 1562 264 1632 „Lilici“
284 1561 368 1618 habet
385 1563 553 1632 subsequens
571 1562 770 1620 documentum.
799 1563 838 1617 Ci.
856 1562 917 1628 ier,
941 1562 1035 1634 helen,
1061 1563 1157 1620 Ldlko.
1185 1565 1251 1620 ibid.
1270 1582 1310 1620 nr.
1329 1569 1388 1622 aod.

149 1650 284 1705 bilici:
304 1649 683 1720 Liljki.Exempi.beddit:
712 1650 761 1720 „de
786 1651 897 1706 ciuitate
915 1651 1019 1708 Nonae
1097 1653 1211 1708 ⁷Ex.e
1234 1654 1391 1710 membrana

150 1753 261 1793 corrosa
288 1738 343 1802 ita,
370 1745 401 1792 ut
426 1741 540 1808 „petno“
568 1739 677 1792 omnino
705 1738 783 1794 desit.
866 1739 1016 1809 'Exempi
1035 1741 1051 1793 b
1070 1739 1301 1810 „possidendam“.
1379 1741 1390 1774 ’

150 1824 274 1895 Exempl.
294 1843 312 1878 o
332 1823 482 1892 „Desnna“.
565 1827 587 1858 ¹⁸
607 1825 831 1894 „aliessitinico“
851 1827 911 1880 ie.
931 1827 1046 1882 canit.
1132 1828 1150 1862 ¹¹
1168 1827 1328 1884 Ommissum
1347 1835 1390 1884 est

150 1929 263 1968 nemen:
293 1913 474 1983 „Johennes“,
503 1913 631 1969 adnotato
656 1913 729 1968 iilius
752 1919 858 1968 tantum
882 1929 992 1971 munere
1017 1913 1096 1969 dede.
1189 1917 1210 1950 ¹²
1228 1915 1353 1986 Exempl.
1371 1932 1390 1971 a

152 1999 344 2070 „Vitndrago“.
416 2001 438 2035 ¹⁸
455 1999 621 2072 NepostoJ'.
641 2000 680 2055 Gi.
700 1999 827 2056 Miklosit
845 2017 887 2071 op.
908 2002 952 2056 cit.
971 2019 1011 2058 nr.
1033 2005 1091 2058 369.
1174 2003 1192 2032 '⁴
1211 2003 1389 2060 Ommissum:

149 2087 293 2155 certatim,
311 2087 446 2158 paginam.
520 2087 541 2122 ¹⁸
558 2087 650 2143 Verba
666 2088 747 2143 baec:
777 2088 927 2158 „presbiter
945 2095 973 2144 et
995 2091 1159 2146 monschns⁴‘
1184 2090 1213 2146 in
1240 2090 1353 2161 exempl.
1371 2107 1390 2145 n

149 2173 225 2229 inira
243 2173 362 2243 „Adam‘
382 2175 536 2246 subscripta
553 2181 581 2231 et
598 2174 691 2232 addite
708 2181 779 2232 sunt.

727 2475 818 2548 61.

151 2581 176 2642 b
192 2582 248 2642 itii.

152 2717 292 2784 Deiectio
315 2715 481 2782 Radoocm'
512 2718 714 2802 confirmatur
741 2727 769 2786 et
798 2722 832 2784 ier
859 2721 1076 2805 protectionem
1105 2723 1188 2806 repis
1210 2723 1389 2808 acccipitor.

450 2878 478 2926 a.
1066 2861 1097 2927 b.

921 2997 1036 3068 (Charta
1053 2998 1239 3069 interpolate.)

195 3102 287 3170 Anne
328 3102 483 3185 dominice
528 3105 755 3171 incarnacionis
827 3107 961 3189 †Anno
984 3107 1139 3174 dominice
1161 3107 1389 3173 incarnationis

150 3209 571 3292 millesimoseptuagesimo
581 3209 755 3276 indiccione
785 3211 949 3278 millesimo
962 3211 1204 3295 septuagesimo,
1217 3211 1389 3278 indictione

151 3339 233 3380 πω.
264 3313 408 3396 Augusto
430 3321 583 3395 regnante
613 3315 756 3381 Romano
787 3340 867 3381 vrur.
898 3316 1043 3398 Augusto
1072 3323 1223 3398 regnante
1245 3315 1389 3382 Romano

151 3421 263 3502 tercio,
290 3427 433 3502 ternpore
457 3417 618 3484 Cresimiri
638 3417 757 3484 Chroe-
787 3423 903 3498 tercio,
936 3427 1078 3502 tempore
1114 3420 1275 3486 Oresirniri
1306 3420 1390 3502 regis

152 3533 258 3592 torum
274 3524 352 3605 regi.
380 3523 450 3606 Ego
469 3523 632 3602 Reddam,
657 3543 758 3605 nepus
788 3524 998 3590 chroatorum
1006 3524 1307 3590 etDalmatinorum.
1320 3523 1390 3608 Ego

152 3628 253 3706 Lilia,
276 3628 369 3694 trado
385 3647 507 3693 omnem
524 3630 757 3710 possessionem
786 3630 950 3708 Redones,
974 3647 1073 3711 nepos
1095 3629 1196 3708 Liliei,
1213 3629 1306 3694 trado
1323 3647 1388 3694 om·

152 3751 271 3810 mean,
298 3749 361 3814 quo
383 3731 445 3798 fuit
466 3731 601 3814 predicti
617 3733 669 3798 aui
685 3734 755 3810 mei,
787 3752 858 3799 nern
895 3735 1126 3814 possessionem
1169 3751 1290 3814 ineam,
1329 3750 1391 3814 que

151 3840 184 3904 in
213 3839 303 3917 loco,
328 3839 381 3919 qui
404 3837 519 3904 dicitur
546 3836 755 3919 Suohouara,¹
787 3835 847 3904 fuit
870 3838 1003 3920 predicti
1026 3839 1078 3904 aui
1102 3839 1163 3904 mei
1183 3839 1215 3904 in
1236 3839 1313 3917 loco,
1338 3838 1391 3920 qui

151 3945 247 4012 beato
260 3943 457 4027 chrisogono
470 3943 593 4010 martiri
604 3949 754 4026 presente
785 3944 899 4009 dieitur
922 3942 1120 4018 Suehouara,
1154 3944 1248 4010 beato
1271 3943 1392 4008 martiri

154 4049 296 4115 eiusdem
320 4048 500 4114 monasterii
518 4049 614 4114 Petro
631 4049 757 4114 abbate.
789 4047 1034 4134 Cib)risogonn,
1070 4055 1216 4130 presente
1249 4048 1391 4114 eiusdem

156 4151 218 4220 Sed
241 4153 317 4234 quic
338 4154 508 4220 resistebat
534 4152 627 4218 michi
650 4152 758 4218 Ueke·
788 4155 969 4220 monasterii
983 4153 1080 4218 Petro
1096 4153 1221 4218 abbate.
1239 4153 1392 4234 Quepos-

154 4257 230 4324 mir8
252 4258 338 4338 Luce
362 4259 497 4340 inpastus
521 4275 590 4322 cum
608 4257 758 4324 Boleelao
789 4259 887 4322 sessio
911 4257 960 4321 iris
983 4256 1158 4323 manifestis
1187 4256 1310 4321 indiciis
1335 4257 1389 4321 de-

153 4363 245 4445 tepei,
270 4371 303 4428 et
331 4362 570 4429 contraditebat
599 4361 660 4426 hoc
687 4360 757 4427 fieri
786 4362 938 4426 claretur:
956 4363 1056 4426 alacu
1067 4380 1104 4427 ex
1118 4359 1390 4442 septemptrioneii

159 4469 241 4548 qnod
263 4465 400 4533 feceram
424 4467 551 4548 dicens,
579 4467 650 4549 ipse
671 4472 759 4531 terre
789 4466 883 4548 plage
914 4465 1132 4548 protendendo
1167 4466 1199 4529 in
1234 4463 1389 4529 directum

158 4572 420 4657 aregepredicto
437 4572 756 4637 sibiesseconcessa:
791 4589 904 4636 uersus
927 4570 1055 4635 boream
1078 4568 1119 4634 ed
1142 4569 1259 4652 riuum,
1294 4574 1328 4633 et
1351 4568 1391 4633 ab

164 4678 202 4743 ob
225 4694 320 4758 quam
330 4677 429 4761 igitur
444 4677 678 4743 contentionem
696 4680 762 4742 stu·
791 4676 853 4740 isto
876 4674 945 4740 loco
962 4673 1065 4740 eundo
1081 4671 1122 4738 ed
1134 4671 1304 4739 nnsoelen
1319 4688 1392 4754 par·

1269 4780 1288 4840 6
