3604 5276
1375 409 1439 472 329

294 619 501 682 &demutans
523 618 666 696 porphyr.
689 618 727 679 de
749 617 857 680 adnutu.
880 618 949 694 imp.
974 615 1440 696 c.30,p.144-b.ed.Bonn.

250 705 344 782 Quam
360 705 482 768 ceniuea
497 707 534 766 sit
549 705 623 766 haec
639 705 794 782 expositio,
810 705 943 781 quisquis
957 703 1043 765 facile
1059 703 1281 767 animadvertat.

249 825 291 882 ¹i.
310 839 333 882 e.
352 825 380 880 iu
399 839 496 894 magna
513 823 556 879 vel
574 824 638 879 alba
656 822 799 893 chroatia,
818 823 851 878 de
869 838 923 892 qua
935 821 1014 878 iutra.
1039 821 1073 875 V.
1093 836 1114 876 a.
1134 825 1165 876 51
1185 837 1211 891 p.
1223 823 1281 877 151.
1298 819 1338 874 ed.
1357 819 1443 874 Bonn.

209 905 270 968 Ὗ.
299 923 384 982 supra
409 925 450 966 nr.
472 913 513 980 21,
532 927 559 981 p.
578 913 630 966 320
666 907 784 967 uerellae
811 909 844 966 de
872 909 1031 966 crudelitate
1050 907 1169 966 cadolai.
1259 907 1270 940 ³
1294 887 1442 978 Κθτζῑλῑν,

207 1007 364 1070 corruptum
383 1013 443 1056 esce
461 995 567 1055 videtur
585 1013 618 1054 ex
647 928 790 1058 mot-11,
819 996 965 1067 cadolach,
984 995 1127 1054 Oudalaua.
1206 975 1377 1068 *Πθρῖν-Ος,
1390 993 1407 1048 i.
1418 1009 1441 1050 e·

209 1069 346 1159 Raptae,
371 1085 459 1158 uana
478 1085 576 1142 Barna.
595 1085 627 1140 v.
646 1101 674 1156 p.
693 1089 752 1156 aaa
771 1087 832 1158 aaa,
850 1089 910 1143 aaa.
1346 1133 1348 1138 .

798 1319 854 1398 aa.

205 1404 235 1480 ¹1.
251 1403 295 1466 ut

216 1539 374 1606 Tractatio
400 1542 490 1626 pacta
519 1542 600 1606 inter
632 1539 824 1608 mundam
846 1547 874 1606 et
896 1537 1076 1608 Miebualem
1098 1535 1143 1605 11
1161 1537 1289 1604 orientia
1310 1540 1442 1623 impera·

772 1654 875 1712 torem.

254 1765 471 1856 (Hludowicue
485 1769 657 1852 imperator
671 1767 880 1854 Ratumagnm
897 1765 1053 1835 civitatem
1070 1820 1101 1834 ..
1125 1787 1152 1833 a.
1177 1766 1207 1832 d.
1234 1771 1271 1832 15
1291 1765 1443 1831 kalendas

209 1871 394 1942 Decembris
416 1891 565 1942 reversus
587 1875 659 1958 est).
683 1873 765 1941 Nam
790 1878 823 1941 et
839 1873 914 1940 illuc
929 1872 1052 1957 legatos
1066 1871 1228 1938 Michaelis
1243 1869 1442 1954 imperatoris

210 1981 263 2061 qni
286 1979 420 2046 adeum
443 1979 651 2046 mittebantur
673 1977 732 2047 sibi
755 1996 905 2047 occurere
927 1977 1037 2057 iussit,
1061 1995 1130 2043 eum
1153 1975 1268 2060 quibus
1290 1979 1323 2042 et
1345 1975 1442 2058 petri·

210 2081 306 2150 archa
321 2081 544 2151 veneticorum
568 2081 759 2172 (gradensis)
782 2101 955 2167 regressus,
981 2085 1022 2150 ad
1037 2080 1105 2150 eius
1120 2081 1207 2149 venit
1221 2081 1443 2164 praesentiam.

211 2187 275 2256 Sed
296 2187 393 2273 legati
415 2186 615 2273 imperatoris
637 2188 761 2256 litteras
783 2193 816 2256 et
837 2205 967 2255 munere
991 2185 1189 2270 deferentes,
1221 2185 1317 2269 pacis·
1331 2183 1442 2252 confir-

210 2288 344 2361 mandae
366 2307 462 2360 causa
485 2307 519 2360 se
540 2295 652 2362 misses
675 2311 747 2362 esse
777 2291 935 2378 diceutes,
965 2310 1023 2377 pre
1045 2291 1223 2360 Fortunata
1246 2287 1322 2356 nihil
1346 2287 1443 2355 locuti

210 2401 287 2464 sunt
302 2449 309 2463 .
327 2445 359 2462 ..
394 2397 486 2476 Quos·
504 2415 591 2478 cum,
624 2395 783 2483 legatione
814 2415 921 2465 earum
945 2397 1053 2465 audita
1075 2415 1111 2463 ac
1133 2412 1286 2479 responso
1309 2393 1446 2496 reddite,

210 2496 400 2582 absolveret,
422 2498 566 2582 Romam,
588 2507 625 2568 ut
643 2519 678 2569 se
699 2499 783 2568 velle
800 2501 955 2588 dicebant,
979 2502 1094 2568 ducere
1109 2499 1210 2567 iussit.
1234 2497 1443 2567 Fortunatum

211 2606 305 2672 etiam
336 2605 376 2671 de
406 2615 503 2672 causa
531 2601 625 2688 fugae
656 2603 753 2688 ipsius
775 2609 999 2690 percuntatus,
1030 2606 1071 2673 ad
1104 2601 1345 2672 examinandum
1375 2623 1445 2672 eum

210 2709 353 2776 Romano
376 2705 516 2792 pontifici
539 2707 660 2778 direxit.

297 2833 438 2896 Einhardi
453 2835 574 2898 annales
589 2837 676 2899 Perta
691 2835 742 2899 SS.
758 2833 783 2912 1,
800 2839 872 2898 212.

297 3002 343 3063 De
358 3002 520 3064 Fortunate
536 2994 673 3080 teguntur
687 3007 842 3080 praeterea
856 3005 885 3065 in
901 3001 1043 3065 Johaunis
1058 3001 1194 3065 chronica
1209 3007 1315 3064 ceneto
1341 3003 1442 3063 Perta:

253 3087 691 3170 iton.dern.snipt.v11,1u.
705 3089 763 3171 (cf.
772 3090 865 3154 Andr.
879 3087 1342 3167 Daudultabruu.biuratariX11,
1355 3087 1444 3174 168):

257 3207 451 3276 Fortunatus
473 3209 600 3292 quidem
619 3209 799 3293 patriarcha
826 3229 897 3276 cum
919 3228 981 3276 non
1004 3209 1115 3277 sedule
1138 3212 1169 3275 iu
1193 3227 1251 3277 sua
1274 3209 1370 3276 uellet
1391 3209 1445 3275 de-

211 3330 288 3395 gere
309 3313 393 3396 sede,
417 3314 474 3381 sed
497 3320 608 3381 eontra
629 3314 852 3385 Venetieorun
873 3315 1069 3382 voluntatem
1092 3313 1258 3397 sepissime
1281 3313 1445 3380 Francicus

209 3419 389 3504 repetebat,
413 3425 447 3486 et
468 3419 541 3502 qua
562 3419 622 3486 hoe
642 3421 755 3487 amedu
778 3420 910 3488 ducibus
932 3417 1080 3508 (Aguello
1103 3425 1137 3487 et
1160 3417 1352 3504 Justiniauu)
1372 3419 1443 3485 dis-

209 3519 363 3610 plicebat,
394 3523 583 3607 pepulerunt
612 3524 699 3590 illum
722 3543 742 3591 a
765 3523 858 3610 sede,
892 3529 925 3592 et
953 3523 986 3590 iu
1016 3525 1084 3592 lece
1118 3525 1187 3592 eius
1219 3523 1446 3588 ordinaverunt

209 3625 396 3713 Jehannem,
420 3627 520 3694 sancti
535 3628 657 3695 Servuli
677 3627 876 3696 abbatem...
906 3627 1094 3695 Antedictus
1110 3627 1236 3710 quidem
1251 3625 1445 3692 Fortunatus

212 3731 392 3814 pau-daretne
412 3733 539 3816 propria
561 3733 636 3801 sede
658 3734 822 3814 ammissa,
853 3735 1024 3802 seeundum
1048 3732 1134 3816 qued
1165 3731 1316 3810 diximus,
1346 3730 1445 3797 Frau-

215 3835 294 3902 ciam
317 3853 388 3904 eum
412 3836 606 3905 Graecorum
628 3839 731 3906 missis
745 3839 928 3922 repetebat,
950 3837 1058 3920 ibique
1080 3836 1273 3921 aliquamdiu
1295 3842 1446 3912 meratus,

210 3939 294 4008 dieu
315 3939 417 4007 finiuit
438 3944 624 4009 extremum.

296 4063 442 4126 Obrcuica
453 4067 591 4129 Altinatis
604 4065 758 4148 (Archivie
768 4068 875 4128 eborico
887 4067 1007 4128 italiana
1023 4072 1094 4129 tom.
1110 4063 1192 4144 VIII,
1209 4084 1239 4144 p.
1256 4069 1306 4127 42.
1322 4065 1446 4126 Pirum

257 4151 352 4232 1845)
369 4153 505 4215 adnotat:
531 4153 710 4216 Fortunatus
725 4152 903 4234 patriarcha,
927 4157 977 4232 qui
993 4155 1047 4215 iuit
1063 4159 1148 4216 natue
1164 4153 1359 4230 Tergestinus
1377 4152 1447 4212 eivi-

254 4241 483 4388 tatingum?
498 4239 642 4304 Jchauuis
656 4241 843 4322 patriarchae
866 4243 1115 4322 musangnineus,
1140 4241 1214 4302 vixit
1228 4256 1321 4301 anuos
1335 4239 1448 4302 XXVII

253 4347 282 4387 su
299 4347 339 4404 pa
368 4345 429 4388 aare
450 4337 511 4390 atu.
