3572 5276
785 603 815 663 2.

221 757 361 823 Domino
384 775 442 823 suo
464 756 615 822 Nicolao⁶
630 756 802 822 universali
824 773 925 836 papae
947 755 1063 822 Petrus
1085 761 1234 836 peccator
1255 758 1426 822 monachus

180 862 364 927 servitutem
379 911 385 924 .
403 906 432 924 ..
467 860 666 926 Venerabilis
697 877 824 942 quoque
854 859 1052 926 Gaudentius
1082 858 1271 944 Apsarensis
1303 861 1427 946 episco-

175 983 247 1047 pus,
271 965 360 1030 cuius
383 983 443 1036 ego
463 961 687 1028 familiaritatis
704 963 903 1029 dulcedinem
919 961 1048 1040 merui,⁷
1069 979 1235 1044 perquem
1260 963 1338 1028 deus
1362 964 1425 1028 iam

176 1088 239 1135 nen
263 1067 402 1151 ignobile
426 1067 610 1132 miraculum
633 1066 761 1150 fecerat,
787 1067 1006 1148 episcopatum
1029 1065 1157 1148 dimisit,
1175 1075 1207 1132 et
1231 1066 1270 1132 de
1295 1065 1424 1132 Sclave-

177 1173 249 1239 nico
275 1189 373 1251 regno
405 1171 556 1251 navigans
587 1170 747 1236 littoribus
770 1168 989 1236 anconitanae
1012 1168 1101 1234 urbis
1123 1168 1284 1250 adplicuit,
1316 1188 1423 1250 aqua

178 1293 244 1342 non
265 1273 358 1356 longe
380 1279 454 1354 post
477 1274 638 1338 biennium
660 1272 795 1338 feliciter
816 1273 903 1339 obiit.

266 1415 373 1474 Petrus
382 1414 562 1475 Damianos:
579 1432 680 1490 opusc.
696 1414 766 1474 XIX
779 1414 816 1475 de
833 1414 1020 1475 abdicatione
1035 1415 1225 1490 episcopatus
1238 1432 1262 1476 c.
1279 1418 1306 1477 1.
1324 1413 1424 1491 Opera

224 1501 329 1562 omnia.
347 1499 485 1576 Lugduni
508 1503 601 1560 1623.
618 1505 687 1562 tom.
706 1502 759 1576 ΙΙΙ,
778 1519 806 1578 p.
825 1503 896 1561 571.

221 1671 436 1748 Dilectisimis‚
454 1671 750 1752 apostolicaesedis
767 1673 869 1738 eleeto
886 1677 919 1739 et
935 1673 1044 1756 virgae
1059 1671 1169 1753 Assur,
1187 1671 1425 1755 Hildeprando⁸

178 1777 297 1842 Petrus
328 1774 500 1841 monachus
530 1775 728 1842 salutem...
752 1775 842 1841 Adeo
866 1795 916 1841 me
947 1777 1015 1842 sola
1040 1775 1134 1842 sedes
1157 1776 1333 1860 apostolica
1355 1793 1426 1841 eru·

181 1879 254 1964 ciat,
278 1884 314 1943 ut
337 1879 378 1944 ab
400 1879 449 1944 his
474 1877 618 1944 omnibus
641 1898 692 1945 me
708 1879 848 1945 dicendis
865 1884 998 1945 avertat.
1022 1879 1058 1942 ln
1082 1897 1144 1960 qua
1166 1880 1313 1945 nimirum
1337 1879 1425 1962 sede,

181 2001 253 2048 cum
283 1980 433 2047 admirari
474 1967 634 2047 soleamus
680 1983 874 2049 reverendae
907 1983 1082 2048 maiestatis
1116 1983 1308 2062 antistitem,
1344 2000 1427 2047 nunc

182 2085 385 2169 despicabilis
418 2102 573 2165 personae
602 2087 761 2150 cernimus
792 2084 1005 2150 mintionem.⁹
1035 2085 1123 2151 Haec
1151 2085 1343 2152 venerabilis
1367 2085 1421 2151 ille

180 2189 229 2253 uir
256 2194 406 2270 expertus
435 2185 549 2267 fuerat,
580 2187 731 2253 Petrus¹⁰
761 2188 909 2254 videlicet
938 2187 1130 2269 Apsarensis
1165 2189 1344 2270 episcopus,
1369 2188 1424 2269 qui

183 2291 404 2374 episcopatum
436 2289 563 2374 dimisit,
596 2295 629 2356 et
652 2291 692 2358 de
716 2289 901 2357 Sclavenico
924 2310 1026 2373 regno
1049 2291 1175 2357 Italiam
1197 2291 1350 2374 navigans
1372 2290 1425 2356 lit·

181 2394 304 2461 toribus
326 2394 545 2460 Anconitanae
568 2395 657 2460 urbis
681 2394 841 2476 applicuit.
865 2393 927 2460 Hic
949 2393 1035 2472 mihi,
1065 2395 1140 2461 dum
1162 2395 1261 2461 totius
1284 2395 1368 2459 circa
1392 2411 1427 2460 se

182 2497 273 2582 regni
296 2497 508 2564 reverentiam
541 2503 735 2580 conquestus
756 2504 932 2580 exponeret
962 2516 999 2564 ac
1020 2498 1175 2564 molestae
1202 2497 1429 2578 inquietudinis

183 2600 293 2668 taedia
315 2607 505 2678 numeraret
529 2601 612 2668 inter
634 2607 762 2668 caetera
784 2620 881 2666 unum
912 2601 1029 2685 intulit,
1053 2602 1138 2683 quod
1162 2621 1217 2668 vos
1240 2602 1341 2668 latere
1365 2618 1428 2666 non

183 2704 298 2788 patior.
320 2702 466 2783 Quidam,
491 2703 603 2786 inquit,
627 2705 766 2788 degener
789 2703 917 2787 quidem
939 2706 1080 2772 moribus
1103 2705 1160 2770 sed
1175 2705 1330 2771 maiorum
1352 2707 1428 2771 titu-

182 2809 229 2874 lis'
244 2807 420 2890 insignitus,
452 2807 501 2874 sui
523 2807 651 2889 generis
683 2808 950 2892 consanguineam
979 2808 1114 2890 nuptiali
1137 2807 1198 2874 sibi
1224 2805 1354 2874 foedere
1376 2825 1427 2874 co·

183 2911 315 2995 pulavit.
341 2911 424 2989 Quid
446 2910 563 2992 plura?
583 2910 766 2978 Prohibitus
782 2911 933 2994 perstitit,
957 2911 1246 2977 excommunicatus
1269 2910 1425 2992 adhaesit,

184 3015 349 3095 totiusque
370 3012 602 3080 ecclesiasticae
619 3031 771 3080 censurae
793 3015 935 3095 vigorem
958 3032 1114 3097 nugarum
1144 3013 1315 3096 puerilium
1336 3013 1428 3078 labu-

184 3119 234 3184 lae
257 3116 432 3198 deputavit.
456 3115 516 3182 Cui
538 3121 625 3182 certe
644 3113 705 3182 lioc
728 3118 769 3183 ad
794 3116 919 3184 divinae
942 3117 1168 3200 indignationis
1184 3117 1332 3183 indicium
1355 3135 1429 3184 con·

183 3221 266 3305 tigit,
291 3224 328 3285 ut
356 3238 454 3303 panes
477 3221 516 3286 de
539 3220 733 3303 nuptialibus
763 3221 884 3286 mensis
914 3222 947 3285 in
978 3221 1102 3303 plateas
1133 3227 1207 3288 ante
1235 3238 1349 3288 canum
1373 3239 1430 3287 ora

183 3325 316 3409 proiecti
345 3324 472 3389 minime
502 3330 718 3406 tangerentur.
750 3324 895 3406 Insuper,
941 3343 960 3390 o
992 3325 1116 3390 diuinae
1146 3324 1431 3391 animadversionis

183 3427 327 3512 parendo
349 3426 520 3494 severitas!
545 3427 620 3492 dum
643 3427 763 3510 rigidus
786 3434 859 3506 stat,
884 3428 958 3493 dum
986 3429 1167 3510 praeceptis
1191 3447 1226 3494 se
1249 3427 1431 3495 sacerdola-

182 3533 268 3599 libus
291 3549 354 3597 non
384 3530 538 3610 humiliat,
563 3533 617 3612 qui
640 3531 772 3613 vigilare
800 3530 929 3597 sibimet
952 3532 992 3597 ad
1023 3531 1158 3598 salutem
1189 3530 1299 3614 noluit,
1322 3531 1355 3596 in
1378 3549 1431 3596 cu-

183 3636 291 3703 biculo
323 3634 529 3702 donnieniem
560 3640 692 3716 repente
714 3635 754 3700 de
791 3635 963 3701 celestibus
995 3637 1119 3701 irruens
1150 3635 1257 3718 fulgur
1288 3637 1430 3702 extinxit.

185 3739 238 3805 Sic
260 3737 356 3803 divini
387 3737 503 3804 furoris
535 3743 684 3818 expertus
714 3743 765 3802 est
795 3738 959 3804 moriendo
991 3739 1191 3818 sententiam,
1224 3739 1277 3820 qui
1309 3739 1433 3805 vulneri

185 3860 254 3921 suo,
287 3843 360 3908 dum
385 3842 516 3926 viveret,
541 3841 692 3908 adhibere
728 3848 964 3924 contempserat
987 3842 1184 3908 medicinam.
1223 3842 1293 3906 Hoc
1327 3848 1433 3908 autem

120 3959 126 3966 ’
185 3947 331 4026 diximus,
361 3951 397 4011 ut
427 3963 521 4026 quam
553 3951 681 4011 sanctae
713 3945 914 4012 auctoritatis
955 3947 1003 4011 vir
1025 3945 1079 4012 ille
1105 3943 1210 4024 fuerit,
1235 3946 1289 4025 qui
1311 3945 1431 4027 episco-

185 4054 296 4134 patum
319 4049 470 4125 deseruit,
494 4053 753 4115 monstraremus.

271 4209 306 4269 P.
318 4209 499 4269 Damianos:
514 4227 615 4285 opusc.
629 4209 693 4270 XX.
707 4208 919 4286 Apologaticns
931 4210 970 4269 ob
983 4199 1134 4269 dimissum
1146 4209 1349 4285 episcopatum
1363 4225 1387 4268 c.
1401 4210 1430 4269 3.

231 4295 309 4372 opp.
325 4299 396 4354 tom.
413 4295 467 4355 ΙΙΙ.
486 4313 514 4370 p.
534 4297 660 4355 eso—1
679 4294 725 4356 ed.
744 4297 792 4355 eit.

275 4379 386 4454 Quodsi
404 4380 588 4441 Gaudentius
604 4382 719 4441 duobus
735 4383 820 4442 annis
835 4385 903 4457 poet
919 4379 1070 4440 dimissam
1087 4382 1289 4457 episcopatum
1306 4379 1430 4456 obierat,

230 4467 435 4543 resignaverat
454 4467 606 4528 absarensi
628 4468 772 4529 ecelesiae
794 4485 871 4527 anno
892 4469 983 4526 1042.
1007 4468 1045 4526 lli
1061 4484 1125 4527 oum
1141 4486 1168 4528 a.
1189 4469 1270 4526 1018
1287 4465 1430 4525 Martinus

232 4553 356 4613 candem
372 4553 472 4614 sedem
489 4554 688 4630 episcopalem
703 4559 818 4614 teneret
833 4551 921 4633 (Acta
934 4571 977 4614 ur.
992 4555 1043 4631 26,
1060 4571 1088 4630 p.
1107 4549 1173 4635 34),
1190 4553 1331 4631 sequitur,
1349 4550 1425 4613 Gau·

233 4639 362 4701 dentium
378 4639 455 4701 intra
471 4657 564 4701 anuos
584 4641 664 4701 1018
682 4645 711 4700 et
730 4641 811 4700 1042
828 4639 980 4701 absarensi
995 4640 1137 4702 ecelesiae
1152 4637 1325 4718 praefuisse.
