3604 5276
303 335 366 398 296

304 537 471 604 bissinam
502 541 629 619 gentem
657 533 849 620 Avarorum3
885 533 1054 616 divisitque
1083 535 1258 602 exercitum
1292 537 1445 602 suumin
1473 543 1541 602 tres

306 647 432 726 partes3
466 647 499 705 et
531 639 577 704 sic
597 640 741 704 introivit
762 640 831 721 ipse
854 657 913 719 per
934 639 1114 704 Poiouriam
1136 637 1169 703 in
1192 637 1272 705 fines
1294 637 1482 706 Hunnorum
1505 659 1544 706 ex

299 743 484 826 ⁸meridiana
506 752 601 826 parte
623 743 776 828 Danuvii;
800 743 857 808 sed
880 749 913 808 et
938 743 978 808 de
1001 742 1063 808 alia
1085 751 1175 824 parte
1192 741 1326 808 Danovii
1350 743 1430 808 alius
1454 761 1543 808 exer·

307 850 394 915 citus
417 847 639 914 Ribuariorum
662 856 695 914 et
717 846 902 914 Fresionum
927 853 961 912 et
984 843 1180 912 Saxonorum
1204 864 1275 912 cunr
1290 845 1463 928 Turingos3
1486 846 1543 912 ssd

306 960 340 1020 et
365 952 485 1018 navalis
508 951 608 1019 hostis
630 970 686 1033 per
710 949 898 1032 Danuvium,
922 957 958 1015 ut
981 969 1019 1016 eu
1042 957 1176 1031 utraque
1198 950 1268 1032 ripa
1282 969 1336 1016 reu
1351 957 1543 1032 potestatem

306 1057 428 1124 babere
450 1055 609 1138 potuisset
631 1073 700 1120 cum
723 1054 856 1120 erircitu
878 1071 953 1120 suo:
977 1059 1010 1118 et
1032 1053 1078 1119 sic
1093 1053 1235 1119 introivit
1256 1053 1289 1119 in
1312 1060 1429 1119 terrem
1446 1054 1542 1130 illam,

307 1161 363 1226 isti
386 1159 459 1226 hinc
481 1167 514 1225 et
536 1159 590 1223 ille
613 1158 695 1236 iude,
727 1158 865 1224 medium
888 1162 993 1222 autern
1016 1157 1174 1223 exercitus
1197 1157 1326 1222 navalis.
1363 1157 1407 1223 Et
1429 1159 1544 1223 terruit

307 1283 363 1331 eos
394 1264 539 1328 dominus
570 1265 602 1326 in
632 1269 803 1344 conspectu
834 1261 918 1341 eius,
950 1262 995 1326 ita
1025 1267 1061 1325 ut
1092 1259 1198 1326 nullus
1221 1261 1251 1326 ci
1272 1260 1423 1327 resistcre
1445 1279 1542 1326 ansus

307 1372 412 1448 esset3
447 1366 503 1432 sed
537 1367 714 1446 ubicunque
741 1371 797 1430 aut
827 1363 929 1432 lassas
961 1371 1016 1429 aut
1047 1363 1186 1445 aliquam
1215 1361 1395 1430 firmitatem
1421 1364 1543 1429 sivein

306 1471 468 1536 montibus
491 1487 548 1534 seu
571 1469 612 1534 ad
635 1467 763 1533 flumina
784 1474 840 1534 aut
861 1469 893 1532 in
917 1468 1004 1534 'silvis
1019 1467 1135 1534 iactam
1151 1467 1341 1550 babuerunt,
1366 1468 1485 1549 statim,
1509 1475 1544 1531 ut

309 1575 379 1658 ipse
407 1579 462 1638 sut
492 1574 648 1638 exercitus
678 1574 745 1638 eius
777 1572 820 1638 ibi
848 1572 992 1650 advenit,
1024 1571 1172 1638 continuo
1194 1577 1251 1636 cut
1274 1589 1308 1636 se
1331 1570 1541 1648 tradiderunt,

306 1684 362 1744 aut
385 1676 480 1743 occisi
503 1682 595 1758 sunt,
631 1682 686 1740 aut
709 1693 765 1756 per
788 1673 865 1757 iugo
887 1675 1009 1756 dilapsi.
1045 1674 1108 1740 Sed
1132 1681 1165 1740 et
1186 1673 1240 1738 ille
1262 1680 1339 1739 tunc
1362 1675 1430 1739 eius
1453 1691 1543 1738 eucr-

308 1781 389 1846 oitus
413 1797 505 1860 quem
530 1779 683 1860 Pippinus
706 1776 789 1843 filius
813 1779 880 1844 eius
904 1778 943 1844 de
966 1778 1060 1844 Italia
1089 1777 1281 1860 transmisit,
1313 1779 1381 1859 ipse
1402 1777 1544 1842 introivit

307 1885 340 1948 in
362 1883 522 1966 Illyricum
546 1888 580 1946 et
600 1883 673 1948 inde
693 1883 725 1946 in
741 1882 913 1959 Pannonia,
938 1887 970 1947 et
985 1880 1130 1947 iecerunt
1144 1881 1189 1946 ibi
1204 1881 1358 1962 similiter,
1382 1886 1544 1948 vastantes

310 1991 344 2053 et
365 1985 569 2052 incendentes
593 1983 837 2067 terramillam,
873 1983 955 2050 sicut
975 2003 1031 2049 rex
1054 1983 1130 2051 iecit
1153 2002 1223 2048 cum
1246 1984 1386 2050 exercitu
1409 2004 1466 2050 suo
1490 1985 1545 2050 ubi

307 2089 376 2171 ipse
399 2095 477 2154 erat.
505 2085 584 2153 Cum
599 2077 712 2154 'autem
735 2089 867 2154 vidisset
888 2107 944 2154 rex
966 2087 1086 2172 Carlus,
1111 2088 1195 2169 quod
1218 2088 1323 2153 nullus
1345 2087 1376 2154 ei
1397 2089 1437 2152 de
1453 2095 1544 2169 parte

307 2191 482 2258 Avaromm
505 2191 654 2258 resistere
677 2209 773 2258 ausus
796 2198 881 2258 esset
904 2191 1054 2270 entenic,
1077 2197 1152 2256 tunc
1167 2191 1310 2256 circuivit
1324 2196 1442 2257 terram
1457 2191 1544 2256 illam

307 2315 366 2379 per
389 2295 457 2361 dios
481 2299 521 2360 52
544 2296 741 2361 incendendo
764 2303 798 2361 et
819 2296 974 2360 vastando
1005 2303 1123 2360 terram
1153 2296 1257 2376 illam3
1293 2295 1348 2361 sed
1372 2301 1405 2362 ct
1426 2294 1544 2378 predas

309 2399 378 2466 sina
393 2417 543 2474 mensura
557 2399 608 2464 vel
625 2417 765 2477 numero,
790 2405 823 2466 et
837 2397 990 2481 captivos'
1011 2398 1097 2466 viros
1120 2405 1155 2464 et
1176 2399 1325 2466 mulieres
1341 2399 1544 2481 supervoles,

308 2502 568 2578 innumerabilem
599 2503 833 2568 multitudinem
864 2503 976 2594 exinde
1008 2503 1240 2570 ducebant...
1275 2503 1318 2567 Et
1347 2522 1402 2568 reu
1433 2501 1545 2568 Garlus

308 2607 404 2674 rediit
425 2606 458 2671 in
479 2605 633 2685 Paioaria
658 2605 837 2686 ibidemque
860 2606 1023 2689 gemavit.1

396 2729 527 2789 Annales
542 2729 814 2790 Lauresbsmenses
837 2730 884 2790 ad.
902 2749 928 2790 a.
948 2732 1022 2804 791,
1044 2748 1069 2792 c.
1085 2731 1192 2793 xxlv.
1217 2731 1321 2792 Portu:
1347 2731 1545 2792 Monumenta.

353 2815 529 2876 Germaniae
546 2815 693 2876 historica.
719 2811 900 2891 Scriptorum
916 2821 986 2875 torn.
1003 2817 1027 2887 1,
1045 2835 1074 2894 p.
1093 2820 1144 2892 34,
1161 2819 1212 2878 35.
1236 2819 1433 2878 Hsnnoverae
1452 2817 1545 2878 1826.

351 2902 638 3048 'Ei'lihalrdl'lassnnalffl
660 2901 699 2962 ad
722 2920 751 2962 a.
769 2905 840 2964 791.
871 2902 957 2962 Perta
973 2903 1043 2962 ibid.
1060 2904 1085 2981 1,
1103 2906 1174 2965 177.
1205 2903 1311 2965 Annal.
1327 2903 1546 2963 Laurisseneea.

352 2990 423 3047 rbi.
547 3033 554 3046 .

394 3032 670 3149 Antiquissimorum
682 3073 831 3132 annalium
843 3089 892 3134 res
902 3075 1110 3135 Karolinorum
1120 3079 1221 3151 gestas
1234 3075 1434 3136 adnotantibus
1444 3093 1544 3136 exem·

352 3161 418 3235 plar
432 3177 521 3219 unum
529 3159 937 3220 Lsuresbameosiumnomen
953 3161 991 3221 ob
1003 3162 1147 3236 quasdam
1157 3161 1391 3222 Laureabamum
1406 3161 1547 3240 (Lerseb)

353 3249 562 3306 concernentes
577 3245 694 3304 notitias
709 3251 827 3306 nactum
842 3250 895 3307 est.
919 3246 994 3305 Pars
1011 3248 1090 3320 prior
1106 3265 1153 3307 res
1171 3253 1270 3322 gestas
1283 3267 1349 3309 ann.
1364 3249 1545 3325 703-768,

353 3333 447 3391 altera
462 3347 533 3390 vero
543 3349 610 3392 anu.
626 3332 794 3391 ves-803
808 3332 944 3392 continet.
961 3332 1034 3392 lodo
1051 3335 1088 3392 ab
1104 3351 1131 3395 a.
1146 3335 1207 3395 785
1224 3333 1372 3394 habentur
1386 3335 1415 3394 in
1431 3335 1547 3393 duabus

351 3417 391 3478 sb
413 3419 537 3476 invicem
561 3417 705 3476 distinctis
727 3418 934 3492 prolixioribus
957 3421 1229 3480 continuationibus.
1257 3419 1334 3479 Vide
1349 3419 1397 3482 W.
1414 3421 1547 3479 Walten-

352 3501 1055 3649 11180111ΒὲθῖωεοωιῖῃέεΘθωὴίὼᾳηθῃθῃἰω
1071 3506 1250 3567 Mittelalter.
1274 3506 1375 3566 Berlin
1394 3508 1486 3566 1873.
1504 3505 1548 3564 ΠΙ

380 3607 429 3650 u.
493 3636 499 3650 .
532 3633 540 3667 ‚
580 3635 587 3649 .
670 3636 676 3650 .

395 3763 442 3822 De
458 3763 596 3840 victoria,
622 3778 710 3836 quam
727 3762 885 3844 Pippinus,
911 3780 963 3822 rex
980 3764 1083 3825 ltaliae
1100 3761 1298 3846 (781-810)
1314 3765 1413 3827 retulit
1428 3765 1457 3826 in
1473 3765 1548 3826 Pan

353 3850 452 3924 nouis,
469 3849 571 3909 scribit
586 3849 649 3924 ipso
666 3847 789 3908 Carolus
807 3850 924 3924 coniugi
946 3866 1018 3910 susc
1034 3851 1198 3911 Fastradae
1214 3869 1282 3910 mox
1297 3857 1365 3928 post
1381 3853 1399 3912 'i
1416 3850 1547 3928 Septem-

354 3935 416 3996 bris
431 3935 560 3995 eiusdem
576 3935 661 3994 anui:

352 4053 469 4120 Missus
500 4052 626 4134 quidem
659 4052 766 4118 dilecti
795 4051 852 4118 filii
883 4053 984 4120 nostri
1019 4055 1172 4138 (Pippini)
1191 4105 1197 4118 .
1216 4106 1247 4120 ..
1279 4058 1409 4138 insuper
1439 4055 1550 4122 retulit
1601 4077 1604 4083 ·

307 4155 416 4224 nobis:
449 4156 586 4238 qualiter
616 4155 671 4220 illa
703 4173 793 4221 scara
822 4162 949 4236 nostra,
984 4176 1065 4240 quae
1096 4158 1184 4239 prius
1215 4159 1255 4225 de
1285 4157 1379 4224 ltalia
1401 4158 1550 4226 iussimus

308 4278 443 4343 pergere
466 4259 610 4342 partibus
634 4257 770 4326 Avariae
794 4260 826 4324 in
848 4260 891 4326 ill.
916 4260 1051 4328 confinia
1078 4262 1305 4344 resedendum,
1339 4267 1549 4343 perrexenmt

309 4362 392 4429 inlra
413 4362 494 4429 fines
517 4365 657 4445 ipsorum
680 4362 803 4430 decimo
825 4363 978 4432 kalendas
1002 4363 1208 4447 Septembris.
1239 4365 1284 4432 Et
1305 4365 1445 4432 inierunt
1466 4383 1544 4448 pug-

310 4485 383 4533 nam
407 4468 555 4532 cumeis.
590 4466 635 4530 Et
656 4466 747 4533 dedit
768 4468 814 4536 sis
837 4469 916 4534 deus
948 4470 1147 4551 omnipotens
1170 4487 1228 4552 pro
1252 4488 1312 4536 sua
1333 4469 1549 4537 misericordia

309 4571 484 4652 victoriam,
509 4577 542 4638 et
563 4570 797 4637 multitudinem
819 4572 859 4639 de
881 4571 959 4654 ipsis
981 4571 1093 4639 Avaris
1116 4572 1355 4654 interfecerunt.
1378 4573 1550 4640 intantum
