3602 5304
353 364 415 430 268

285 565 289 572 ’
353 576 416 633 τῶν
439 576 494 640 τῆς
517 564 635 654 Ἰστρίας
663 570 752 656 ὀρῶν,
779 565 963 631 ἐπλατύνετο
993 565 1110 635 flumen
1144 587 1179 634 se
1213 567 1422 648 extendebat3
1460 573 1595 652 eratque

351 664 385 737 ἀὲ
416 671 499 761 μέχρι
530 681 585 735 τοῦ
617 671 777 753 Λανουβίου
808 681 957 758 ποταμοῦ,
989 672 1089 737 omnis
1118 670 1173 737 ille
1205 671 1356 738 finitimus
1386 679 1507 739 tractus
1536 674 1595 740 sub

351 769 386 846 ἦν
416 766 450 839 δὲ
479 776 583 839 ἅπασα
606 779 625 845 κ’
648 774 773 845 τοιαύτη
804 775 959 862 περίχωρος
989 777 1202 842 Ιίοιιιωιοιιιιιι
1231 780 1409 859 potestate,
1441 783 1474 843 et
1503 796 1595 858 prae·

351 881 408 942 ὑπὸ
431 879 486 949 τὴν
509 877 662 967 Ῥωμαίων
684 881 786 966 ἀρχήν,
808 882 858 943 καὶ
876 869 957 943 subo·
989 881 1221 945 stantissimum
1235 881 1344 946 thema
1359 881 1497 947 omnium
1514 883 1595 947 oeci·

349 983 463 1070 ῑοτερον
491 992 552 1046 των
574 982 673 1046 ἄλλων
703 984 839 1070 ἐσπερίων
862 981 959 1072 θεμά-
991 985 1164 1049 uernalium
1189 983 1376 1051 habebatur.
1402 983 1553 1051 Ceterum
1575 1003 1595 1049 a

349 1110 411 1150 των
445 1087 482 1150 τύ
511 1095 645 1151 τοιοῦτον
668 1086 751 1174 ἀέρια
785 1085 958 1174 ἐτύγχανεν
991 1087 1111 1154 Selnvis
1142 1094 1295 1170 occupata
1324 1087 1384 1154 fuit
1407 1088 1593 1156 1100111οᾱ0.

350 1191 428 1261 πλὴν
450 1191 629 1278 παρελήφθη
652 1190 732 1278 παραὶ
753 1191 810 1260 τὴν
827 1187 958 1273 Σκλαβι-
988 1193 1093 1274 Prope
1105 1191 1313 1273 Aspalathum
1326 1190 1528 1258 urbsSalona
1543 1199 1592 1258 est

284 1299 289 1308 ’
350 1303 434 1356 νικῶν
456 1294 550 1357 ἐθνῶν
572 1294 673 1380 τρόπῳ
691 1286 805 1376 ronuta.
829 1293 954 1382 κάστρον
985 1315 1005 1361 a
1026 1297 1225 1362 Diocletiano
1241 1297 1433 1377 imperatore
1451 1296 1590 1375 condita,

350 1399 412 1462 ἐστὶ
433 1399 555 1470 πλησίον
575 1397 772 1462 Ἀσπαλοίθοο
795 1396 954 1462 ὅΣαλωνα
984 1400 1248 1481 quemadmodum
1265 1405 1299 1465 ot
1314 1398 1515 1481 Aspalathus‚
1537 1399 1592 1465 ubi

349 1501 477 1589 λέγεται,
491 1507 573 1590 ἔργον
582 1502 794 1574 Διοκλητιανοῢ
804 1502 953 1585 βασιλέως.
985 1504 1136 1596 paiatitnn
1152 1505 1230 1570 item
1245 1503 1312 1570 eius
1328 1509 1414 1570 erat:
1439 1501 1589 1570 Salonam

348 1605 415 1669 ἀλλ’
445 1611 464 1676 ἠ
495 1604 546 1694 μὲν
577 1605 782 1678 'beraretur‘
799 1609 849 1670 καὶ
877 1607 955 1676 αὐτὴ
987 1627 1060 1675 vero
1069 1613 1233 1690 magnates
1244 1607 1427 1673 incolebant
1435 1614 1592 1690 etmagna

347 1710 427 1796 παρά
446 1710 659 1780 Διοκλητιανοῢ
681 1711 818 1784 ἐκτίσθη,
841 1713 891 1774 καὶ
912 1711 954 1774 τά
984 1712 1092 1794 popuii
1109 1712 1287 1796 multitude,
1307 1723 1402 1793 utque
1418 1711 1498 1777 haec
1512 1712 1590 1777 urbs

347 1816 440 1877 αὐτοῦ
477 1813 612 1897 βασιλικά
650 1815 740 1878 ἐκεῖσε
777 1814 949 1902 ἐτύγχανον·
980 1816 1159 1882 Dalmatiae
1171 1818 1269 1882 totins
1281 1821 1378 1898 capnt
1390 1814 1488 1880 erat.²
1506 1813 1590 1882 Con-

346 1921 384 1990 είς
406 1909 439 1981 δὲ
461 1915 604 1980 Σαλῶναν
633 1918 788 2001 κατῴκουν
816 1923 842 1982 σί
870 1941 950 2007 μεχι.
980 1921 1198 2003 gregabontur
1219 1921 1327 2002 itaque
1354 1917 1524 2002 quotannis
1548 1938 1588 1985 ex

347 2029 450 2095 στάνες
472 2025 565 2085 αύτού
587 2024 636 2084 καὶ
658 2031 718 2084 τῶν
737 2021 836 2110 ὄχλων
851 2025 949 2086 ίκανοί.
981 2024 1111 2106 reliquis
1134 2025 1314 2090 Dalmat-iae
1342 2023 1473 2090 urbibus
1496 2024 1588 2107 equi·

348 2130 461 2212 ύπῆρχε
482 2117 515 2190 δὲ
537 2125 574 2188 τὸ
601 2135 733 2190 τοιοῦτον
756 2125 881 2214 κάστρον
903 2149 951 2192 κε-
982 2136 1038 2208 teu,
1064 2135 1097 2194 et
1119 2129 1327 2194 mittebantur
1350 2127 1468 2193 Salona
1483 2145 1588 2210 nsque

347 2229 427 2316 qaut
448 2227 545 2303 πάσης
572 2239 626 2304 τῆς
648 2230 827 2318 Δελματίας,
850 2231 951 2317 ἀθροί-
981 2231 1022 2297 ed
1046 2232 1130 2297 mille
1146 2231 1188 2298 ad
1204 2229 1321 2298 flumen
1335 2231 1528 2310 Danubium,
1553 2237 1589 2296 ut

346 2332 433 2416 ζοντο
455 2324 503 2396 ούν
526 2332 582 2396 ἀνά
604 2341 663 2395 πᾶν
686 2338 752 2406 ἔτος
767 2335 872 2397 ἐκτῶν
894 2337 954 2396 λοι·
984 2335 1027 2401 1111
1059 2336 1206 2402 excubias
1236 2342 1346 2401 contra
1367 2336 1490 2402 Abures
1514 2353 1589 2418 age-

346 2445 409 2499 πῶν
431 2435 566 2524 κάστρων
591 2445 645 2509 τῆς
671 2436 841 2524 Δελματίας
864 2460 952 2525 στρα-
985 2447 1066 2506 rent.
1090 2437 1140 2504 Au
1157 2439 1245 2504 ittam
1264 2440 1346 2505 euim
1362 2438 1500 2505 Danubii
1516 2457 1590 2522 oar·

345 2547 451 2602 τιῶται
481 2521 616 2627 ἔφιπποι,
652 2541 702 2603 καὶ
731 2539 952 2605 ἀπεστέλλοντο
983 2549 1045 2608 teni
1061 2542 1183 2609 Abnres
1206 2551 1281 2609 tnnc
1300 2541 1587 2622 commorabuntur,
1659 2559 1663 2566 “

347 2642 408 2706 ἀπὸ
429 2653 484 2717 τῆς
506 2640 644 2718 Σαλῶνος
667 2643 750 2732 μέχρι
764 2653 825 2707 τῶν
843 2645 953 2733 χιλίων,
985 2647 1037 2711 ubi
1062 2646 1155 2712 hodie
1179 2646 1303 2712 Tureae
1327 2647 1457 2729 degunt,
1481 2664 1589 2710 uerna·

345 2749 396 2809 καί
418 2745 584 2834 ὲρύλαττον
606 2753 644 2820 εἰς
658 2747 710 2810 τὸν
723 2747 882 2829 Λανουβίου
898 2771 952 2811 πο·
984 2751 1056 2814 duro
1089 2749 1190 2816 instar
1224 2751 1375 2816 viventes.
1414 2749 1588 2815 Venientes

346 2851 442 2938 ταμὸν
473 2851 558 2914 ἕνεκα
588 2860 647 2913 τῶν
676 2850 815 2938 Ἀβάρων
845 2855 871 2914 ut
898 2851 953 2940 γαρ
983 2865 1088 2918 autem
1119 2854 1289 2935 quotannis
1318 2854 1486 2919 Dalmatae
1517 2871 1586 2918 oum

346 2953 474 3040 Ἀβάρεις
485 2955 598 3018 ἐκεῖθεν
616 2963 671 3018 τοῦ
686 2953 846 3036 Λανουβίου
857 2977 954 3018 ποτα·
984 2975 1080 3040 saepe
1108 2957 1171 3022 illio
1205 2958 1346 3022 iumenta
1379 2957 1588 3039 hominesque

347 3067 403 3144 μοῢ
424 3057 479 3130 τάς
501 3049 648 3144 διατριβὰς
676 3060 846 3132 ἐποιοῦντο,
877 3059 952 3122 ἔνθα
983 3061 1137 3140 viderent,
1162 3060 1308 3126 traiicere
1330 3060 1394 3126 illis
1417 3059 1587 3142 aliquando

344 3162 448 3250 ἀρτίως
471 3165 537 3225 εἰσὶν
560 3165 586 3225 οἱ
608 3159 739 3248 Τοῦρκοι,
762 3153 876 3248 νομάδα
893 3163 952 3244 βίον
982 3165 1083 3230 uisum
1108 3164 1176 3244 fnit,
1202 3164 1442 3246 etinvestigare
1457 3163 1586 3244 quinam

344 3267 459 3350 ζῶντες.
483 3265 675 3352 ἀπερχόμενοι
693 3257 726 3329 δὲ
741 3270 767 3328 οί
782 3265 952 3353 Δαλματίας
980 3269 1025 3333 1111
1048 3269 1209 3350 degerent.
1243 3267 1321 3333 Cum
1351 3267 1459 3348 itaque
1490 3268 1587 3334 truie·

344 3369 412 3434 κατ’
434 3375 499 3442 ετος
521 3369 645 3451 ἔβλεπον
667 3367 810 3442 πολλάκις
835 3371 948 3433 ἐκεῖθεν
980 3373 1107 3449 cissent,
1124 3369 1264 3438 Abarum
1280 3370 1413 3437 feminas
1426 3377 1458 3437 εί
1470 3390 1588 3453 pueros

344 3483 399 3536 τοῦ
421 3482 559 3558 ποταμοῦ
581 3472 623 3536 τά
644 3495 680 3536 τε
702 3473 796 3544 κτήνη
813 3474 950 3547 καὶτοὺς
979 3475 1065 3542 solos
1094 3475 1301 3552 invenerunt,
1332 3475 1408 3540 viris
1438 3479 1471 3541 et
1501 3475 1586 3542 iuve-

345 3575 526 3665 ᾰνθρώπους.
557 3567 651 3660 ἔδοξεν
682 3569 730 3640 οὖν
753 3579 850 3650 αὐτοῖς
872 3575 955 3640 κατά
984 3580 1076 3644 nibus
1106 3579 1147 3644 ad
1177 3578 1409 3661 expeditionem
1440 3577 1586 3645 bellicam

342 3703 410 3744 τινα
424 3681 524 3768 χρόνον
539 3670 711 3767 διαπερᾶσαι
731 3683 782 3744 καὶ
804 3681 950 3768 ἐρευνῆσαι
979 3680 1144 3765 profuerim
1167 3682 1252 3748 unde
1275 3681 1379 3748 subito
1402 3682 1585 3766 ingruentes

344 3785 418 3858 τίνες
437 3786 504 3848 εἰσὶν
519 3787 545 3848 οί
560 3785 651 3848 ἐκεῖσε
666 3784 722 3854 τάν
737 3777 852 3849 δίαιταν
866 3789 950 3872 ἔχον·
979 3805 1088 3854 ontnes
1112 3792 1265 3869 oeperunt
1286 3786 1438 3868 nulloque
1453 3794 1586 3869 accepto

343 3911 402 3962 τες.
426 3887 604 3976 περάσαντες
619 3880 667 3952 σύν
683 3883 761 3976 εύρον
776 3889 831 3962 τὰς
852 3901 950 3977 χυναῖ-
981 3892 1095 3957 damno
1119 3891 1238 3957 reversi
1261 3897 1349 3971 sunt,
1380 3891 1502 3973 praeda
1523 3889 1587 3956 bae

341 4017 396 4068 κας
410 4003 471 4057 τῶν
480 3992 611 4082 Ἀβάρων
626 3996 676 4056 καὶ
686 3993 728 4057 τά
743 3985 845 4058 παιδία
860 3995 946 4082 μόνα,
978 3994 1128 4062 Suionum
1152 3995 1297 4062 abducta.
1329 3995 1452 4062 Abnres
1475 3999 1585 4060 autem

339 4097 408 4171 τοὺς
431 4089 534 4185 ἄνδρας
557 4088 590 4160 δὲ
611 4099 661 4160 καί
683 4097 747 4170 τὴν,
761 4097 951 4185 ἀκμάζουσαν
981 4119 1020 4165 ex
1042 4098 1156 4166 bollina
1179 4099 1379 4181 expeditione
1396 4099 1525 4177 reversi,
1550 4116 1585 4164 re

338 4201 452 4272 ἠλικίαν
475 4202 504 4264 ἐν
527 4191 669 4285 artabo.
702 4199 784 4288 ἀρνω
814 4193 946 4266 σύνεστι·
977 4204 1103 4286 cognita
1119 4202 1313 4269 consternati
1328 4202 1456 4284 quidem
1480 4207 1583 4283 erant,

339 4305 477 4378 πεσόντες
498 4304 738 4392 ᾐχμαλώτευσεν
757 4305 873 4386 αὐτούς,
897 4309 946 4369 καὶ
977 4315 1011 4372 at
1034 4306 1117 4374 unde
1132 4307 1246 4373 vuinus
1260 4308 1321 4372 hoo
1335 4307 1413 4387 ipsis
1428 4303 1582 4372 initiatum

341 4405 522 4496 ὑπέστρεψαν
551 4409 775 4497 ἀταλαιπώρως,
799 4411 943 4497 ἀποκομί·
973 4417 1060 4484 esset
1075 4413 1280 4493 ignorabant3
1303 4411 1508 4493 quomobrem
1524 4409 1580 4476 ob·

343 4534 447 4586 σαντες
468 4513 524 4583 τὴν
538 4512 680 4584 τοιαύτην
695 4503 817 4600 πραῑδαν
832 4519 870 4588 εἰς
884 4510 946 4576 Σα-
976 4516 1166 4583 seruandum
1192 4515 1250 4581 sibi
1281 4520 1406 4596 tempus
1436 4517 1583 4582 statuunt

345 4622 435 4685 λῶνα.
451 4608 544 4691 ὡςούν
553 4614 735 4704 ύπέσπρεύαν
746 4621 772 4680 οί
780 4616 904 4704 Ἄβαρες
914 4618 948 4682 ἐκ
978 4625 1011 4686 et
1032 4619 1073 4686 ub
1096 4637 1134 4685 00
1157 4619 1261 4685 omnia
1292 4618 1451 4686 discenda.
1486 4618 1580 4684 Post,-
