3604 5276
1371 492 1432 553 353

183 699 284 760 αὐτῶν
314 705 375 759 τῶν
405 693 505 783 ψυχῶν
529 700 625 782 ὑμῶν,
656 697 703 758 ἵνα
725 697 790 758 ἀντὶ
820 696 945 761 loeutus
983 695 1087 760 animo
1125 695 1196 762 illos
1214 694 1317 761 ·bono
1355 711 1432 760 esse

180 802 252 888 ἐμοῦ
291 800 503 888 εὐεργετήσοντα
531 799 573 862 τοὶ
604 798 695 862 τέκνα
733 822 789 884 μου
820 799 921 881 iussit,
944 798 1105 880 inquiens:
1133 816 1212 884 „ego
1229 795 1373 880 proiecto
1389 797 1429 864 de

182 908 232 968 καὶ
261 904 318 974 τὴν
353 904 528 989 ἐλπίζουσαν
560 905 723 984 ἀπολαβεῖν
756 925 794 989 με
823 905 889 969 vita
918 902 1081 984 periclitor
1111 909 1144 969 et
1173 921 1193 967 a
1222 900 1361 968 Soldano
1384 903 1432 966 in-

184 1009 303 1098 σὺμβιον
320 1013 384 1097 μου
409 1015 447 1082 ὡς
469 1009 525 1096 γάρ
545 1008 690 1078 ποιήσητε
712 1007 791 1095 μετοὶ
822 1006 976 1094 terlieiar3
1000 1026 1056 1073 vos
1079 1013 1185 1073 autem
1201 1005 1341 1073 resistite
1363 1005 1427 1071 for·

185 1118 295 1188 αυτῶν,
318 1113 398 1200 παραὶ
420 1122 475 1176 τοῦ
491 1103 601 1176 δικαίου
617 1116 667 1175 καὶ
682 1114 793 1199 μιτθα-
823 1114 916 1190 titer’3
936 1130 1038 1194 nequa
1056 1111 1174 1188 timete,
1192 1109 1249 1176 sed
1263 1113 1431 1191 expectata

183 1211 314 1281 τοδοτου
347 1220 470 1304 ἀγαθοῦ
505 1219 597 1290 θεοῦ,
632 1215 792 1302 μέλλοντος
822 1215 999 1301 paulisper;
1016 1221 1092 1296 post
1103 1233 1221 1296 pauens
1235 1214 1352 1295 qnippe
1363 1213 1432 1279 dies

184 1335 274 1410 κρῖναι
292 1322 405 1406 ζῶντας
420 1323 470 1384 καί
484 1320 607 1408 νεκρούς,
619 1319 672 1383 τὸν
688 1319 794 1407 μισθὸν
825 1320 962 1386 aderunt
1006 1319 1123 1384 auxilia
1160 1318 1201 1383 ab
1238 1317 1432 1398 imperatore

183 1422 410 1512 ἀτολνζψεοθεί.
434 1427 483 1488 καὶ
505 1434 606 1488 ταῦτα
622 1423 710 1487 εἰπὼν
732 1447 791 1486 τα-
823 1425 1034 1489 Rornanorum
1059 1421 1148 1487 vntris
1171 1423 1298 1487 missa“.
1329 1421 1431 1501 Lega-

181 1528 348 1617 ρεθιίρρυνεν
371 1530 477 1602 αὐτοὺς
499 1527 594 1615 λέγων
632 1527 710 1614 ρὲγὼ
740 1527 792 1614 μὲν
822 1533 873 1592 tus
888 1545 958 1591 curn
975 1527 1053 1592 haee
1069 1527 1166 1593 verba
1181 1525 1429 1606 pronuntiasset,

187 1635 248 1698 ἀπὸ
277 1643 332 1697 τοῦ
361 1624 513 1696 Σολδανοῦ
546 1635 715 1718 ἀπολοῦμαι
744 1633 794 1694 καὶ
825 1629 954 1697 Soldani
979 1631 1113 1708 milites,
1146 1631 1200 1710 qui
1231 1648 1301 1694 euin
1334 1627 1430 1694 dedu-

183 1742 246 1826 τερὶ
276 1739 331 1808 τὴν
362 1737 440 1821 ζωὴν
462 1726 624 1799 κινδυνεύω·
659 1739 736 1822 ὑμεῖς
758 1727 791 1798 δὲ
820 1740 950 1818 nerant,
982 1735 1099 1800 auditis
1122 1752 1203 1814 quae
1228 1739 1355 1814 praeter
1378 1751 1430 1796 ex·

185 1852 279 1914 στῆτε
301 1832 414 1928 ἑδραῖον
429 1843 480 1904 καὶ
495 1841 536 1927 μὴ
556 1830 791 1925 δειλανδρηοητε,
823 1839 1036 1920 sectationem
1049 1839 1172 1904 loeutus
1185 1842 1264 1910 erat,
1278 1837 1429 1903 dentibus

185 1945 252 2008 ἀλλ’
274 1945 451 2032 ὑπομείνατε
471 1944 578 2030 μικρόν,
601 1946 651 2005 καὶ
674 1948 711 2015 εἰς
733 1942 792 2004 ot-
823 1961 1006 2024 supereum
1027 1941 1215 2018 stridebunt,
1240 1957 1277 2006 ao
1299 1959 1429 2022 procur-

184 2071 236 2136 γον
264 2053 377 2134 ἡμερῶν
406 2050 516 2134 ρθαοει
544 2050 563 2117 ἡ
586 2049 792 2109 ἀποσταλεῖσα
822 2051 929 2111 rentes
947 2049 1091 2111 certatim
1107 2047 1211 2128 ipsum
1224 2043 1427 2111 interficiunt.

185 2157 249 2238 ὑμῖν
286 2151 415 2236 σωτηρία
452 2149 532 2236 παραὶ
565 2159 619 2212 τοῦ
653 2148 794 2231 βασιλέως
825 2149 872 2214 Eo
903 2155 1009 2216 autem
1039 2151 1141 2216 octiSO
1167 2149 1324 2216 Soltlenus
1354 2150 1432 2214 vali·

186 2253 368 2342 'Populea‘
381 2263 482 2317 ταῦτα
497 2246 530 2316 δὲ
546 2257 638 2316 αὐτοῦ
650 2253 790 2325 εἰπόντος,
823 2255 985 2318 dissimum
1020 2255 1219 2336 imperatoris
1250 2254 1431 2332 exercitum,
1503 2303 1509 2312 .

186 2361 213 2420 οί
234 2357 414 2444 κατέχοντες
429 2357 519 2420 αὐτὸν
535 2362 630 2420 οἰκεῖοι
644 2365 698 2419 τοῦ
714 2353 791 2419 Σολ-
822 2357 875 2439 qui
900 2357 1110 2442 adventabat,
1141 2364 1287 2423 metuens
1310 2357 1351 2423 ad
1374 2376 1433 2423 sua

186 2451 275 2524 δανοῢ
285 2461 365 2548 παραὶ
376 2453 549 2548 προσδοκίαν
561 2459 602 2523 ταὶ
617 2461 685 2546 παρ’
700 2463 793 2523 αὐτοῦ
824 2461 1011 2543 regreditur.
1036 2462 1079 2526 Et
1102 2481 1141 2526 ex
1164 2462 1218 2527 illo
1239 2467 1383 2544 ternpore
1400 2462 1432 2525 in

186 2564 365 2636 λαληθέντα
394 2564 572 2638 ἀκούσαντες
602 2567 719 2650 ἔβρυξαν
749 2564 793 2626 ἐπ’
823 2565 1010 2631 hodiernum
1043 2583 1143 2647 usqua
1174 2567 1257 2630 disin
1290 2563 1432 2647 Capuani

188 2669 279 2733 αιἰτδν
312 2669 380 2743 τοὺς
413 2661 552 2742 ὀδόντας,
589 2671 640 2731 καὶ
672 2673 708 2741 εἰς
738 2677 792 2730 τοῦ
823 2687 861 2734 ae
897 2669 1125 2735 Beneventiaui
1164 2669 1224 2734 snb
1268 2675 1432 2750 potestate

186 2771 286 2859 ἑτέρου
301 2771 484 2859 προέτρεχον,
501 2773 544 2844 τίς
559 2771 615 2858 ἄρα
630 2781 684 2845 τῆς
699 2775 792 2835 αὐτοῦ
821 2773 955 2838 Romani
977 2772 1178 2854 imperatoris
1200 2772 1329 2856 degunt
1353 2771 1432 2854 ipsi·

187 2885 302 2964 σραγπς
334 2876 439 2964 γένειαν
473 2876 640 2962 αὐτουργός.
672 2885 727 2938 τοῦ
760 2866 793 2939 δὲ
823 2895 885 2958 que
915 2882 1047 2958 propter
1076 2878 1189 2958 ingens
1217 2875 1277 2941 hoe
1300 2879 1331 2940 in
1357 2876 1431 2941 ilios

187 2981 253 3067 παρ’
276 2984 375 3044 ornav
397 2979 615 3066 ἀναιρεθέντος,
650 2982 793 3054 ττοηθεὶς
825 2982 973 3047 collatum
989 2979 1175 3047 beneficium
1191 2982 1284 3062 piene
1297 2979 1431 3046 subiecti

188 3088 204 3146 ὁ
229 3075 375 3156 Σολδανδς
396 3085 452 3154 τήν
474 3093 529 3147 τοῦ
550 3083 690 3166 βασιλέως
712 3085 794 3171 ἐμχο-
825 3088 976 3152 serviunt.
1457 3070 1463 3082 ¹

188 3187 276 3276 μένην
296 3178 468 3252 δυναστείαν
493 3184 668 3273 ὑπέστρεψεν
693 3193 730 3262 εἰς
744 3189 799 3258 τὴν

191 3282 265 3354 ἰδίαν
295 3291 403 3379 χώραν.
433 3295 483 3355 καὶ
514 3295 622 3355 ἔκτοτε
644 3293 693 3354 καὶ
716 3289 799 3378 μέγρι

188 3406 243 3462 τοῦ
275 3406 324 3460 νῦν
354 3397 403 3460 καὶ
424 3398 451 3460 ot
473 3404 528 3468 τῆς
550 3394 676 3467 Καπύης
701 3397 752 3458 καὶ
774 3399 800 3458 οἱ

187 3510 243 3575 τῆς
265 3491 440 3584 Βενεβενδοῦ
469 3501 536 3563 εἰσὶν
563 3499 621 3562 ont
643 3499 698 3570 τδν
721 3501 798 3584 ἐξου-

188 3605 252 3669 σίαν
275 3614 336 3669 τῶν
358 3601 510 3691 Ῥωμαίων
533 3609 571 3679 εἰς
593 3603 709 3667 τελείαν
731 3594 798 3667 δού-

188 3713 278 3774 λωσιν
314 3710 365 3772 καὶ
401 3707 556 3795 ὑποταγὴν
593 3698 641 3771 διὰ
674 3707 730 3780 τίοι
761 3713 799 3780 εἰς

189 3814 298 3886 αὐτοὺς
329 3812 486 3901 γενομένην
520 3811 654 3900 μεγάλην
684 3810 800 3883 ταύτην

189 3919 362 4006 εὐεργεσίαν.

277 4079 485 4138 Constantinus
504 4078 647 4155 porphyr.
664 4077 702 4140 da
717 4077 826 4139 admin.
841 4079 913 4158 imp.
931 4096 955 4140 e.
975 4079 1025 4159 29,
1041 4095 1071 4154 p.
1091 4079 1270 4140 129-136.

278 4164 486 4224 Constantinus
501 4163 643 4241 porphyr.
661 4167 782 4225 inseruit
804 4167 898 4226 tribus
917 4165 1056 4240 operibns
1072 4164 1133 4224 anis
1149 4170 1226 4242 tres,
1252 4181 1356 4241 parum
1373 4164 1432 4225 dis-

233 4253 400 4327 cordantes,
417 4253 576 4312 relationes
599 4251 636 4312 oe
660 4253 773 4329 imperii
789 4253 818 4312 in
835 4251 1063 4328 Longobardiaa
1078 4251 1207 4311 themate
1223 4257 1327 4312 eontra
1343 4249 1432 4311 Sara·

233 4356 322 4400 canos
339 4341 431 4419 loeta,
455 4339 513 4399 hae
528 4341 683 4399 ooeasione
709 4339 871 4399 eorundem
886 4339 916 4398 in
931 4339 1111 4398 Dalmatiam
1127 4339 1336 4415 irruptionem,
1360 4339 1432 4398 Dal·

233 4426 407 4485 matinornm
420 4443 525 4501 ,aequa
540 4443 576 4486 ae
592 4425 785 4486 Ohroatorum
803 4426 833 4486 in
849 4426 993 4486 communi
1011 4423 1095 4485 hosta
1111 4425 1312 4502 oppugnando
1328 4443 1434 4502 ooope-

233 4513 394 4592 rationam‚
421 4531 476 4573 noo
498 4531 556 4572 non
582 4514 746 4584 restitutam
770 4513 876 4573 exinde
901 4513 1017 4574 iliorum
1045 4530 1110 4572 orum
1134 4513 1257 4587 imperio
1281 4513 1433 4588 pristinam

232 4598 464 4660 vicissitudinem
479 4617 719 4661 commemorans.
736 4599 845 4660 Verum
861 4601 890 4660 in
906 4601 1098 4660 relationibus
1108 4599 1171 4660 istis
1184 4599 1294 4675 exigua
1306 4598 1432 4660 habetur

235 4687 377 4763 temporis
391 4688 477 4762 ratio,
493 4705 560 4746 nam
576 4691 708 4761 eventus,
734 4687 783 4762 qui
800 4687 938 4746 Berensis
953 4687 1081 4746 civitatis
1096 4703 1150 4763 par
1165 4686 1329 4746 Saracenos
1345 4705 1431 4746 oeen-

241 4770 352 4850 pationi
369 4769 463 4854 (841)
478 4777 720 4852 praecesserant,
747 4775 836 4848 quive
857 4791 952 4850 nsque
975 4773 1012 4833 ad
1036 4774 1167 4841 eiusdem
1182 4775 1434 4850 recuperationem

1289 4877 1329 4942 23
