3604 5276
329 347 392 410 276

330 564 357 617 p.
377 548 440 618 370)
459 547 563 602 derivat
581 547 616 602 ab
632 546 734 616 eadem,
753 562 837 615 aqua
849 548 932 603 etiam
945 563 1043 604 nomen
1056 547 1143 616 hrvat,
1162 548 1252 603 radice
1271 563 1329 604 aar
1346 564 1407 604 cum
1421 547 1532 603 determ.
1545 547 1571 602 b.

331 636 341 666 ²
361 633 445 689 Recte
469 634 595 690 observat
617 633 757 689 Dttmmlor
776 634 880 704 (Ueber
897 635 940 688 dio
960 634 1056 690 altone
1074 633 1236 689 Geachichte
1260 652 1287 703 p.
1309 637 1376 704 16.):
1404 633 1509 708 „Sciron
1529 633 1571 688 die

328 719 490 790 Erzthluug
508 737 559 775 von
579 719 630 774 den
640 719 751 789 Sertei,
772 721 858 774 ciuem
871 737 902 774 ao
915 721 1067 789 mitclrtigou
1080 719 1136 775 und
1148 720 1350 790 auagadehnten
1363 721 1571 787 Volkratamme,

328 807 393 863 duaa
411 808 451 862 aie
470 806 592 876 Aufaugs
611 808 638 860 iu
657 807 706 860 der
724 806 835 861 kleineu
853 807 970 867 Provinz
996 806 1192 862 Thessalonich
1217 805 1294 862 Plato
1320 806 1470 877 geiuudeu‚
1498 793 1583 861 danu'

327 893 397 947 uber
414 892 458 947 die
476 891 575 948 Donau
591 891 813 962 aurtckgelrehrt
831 891 886 948 und
905 910 957 948 von
970 893 1072 947 Nouem
1088 893 1251 962 eingelalleu
1265 894 1348 964 scien,
1368 891 1466 948 bedari
1476 893 1571 947 lreiuer

328 979 455 1035 reiterari
474 977 693 1050 Widerleguug“.

877 1205 1008 1277 165.
1086 1239 1088 1242 ·

327 1311 349 1372 l.
365 1311 413 1372 tlt.

447 1445 574 1512 Stoocni
597 1443 844 1510 Beneventanum
866 1417 900 1510 iro
923 1399 1022 1510 Italia
1046 1446 1192 1512 damatam
1216 1445 1454 1530 adprediantur.

370 1565 529 1634 Defuncto
552 1585 630 1650 ergo
651 1565 786 1652 Aricinis,
811 1567 865 1648 qui
888 1568 1036 1634 ducatum
1059 1568 1288 1650 quinquaginta
1304 1573 1451 1632 tenuerat
1467 1566 1568 1646 annis,

329 1671 388 1738 Aio
412 1671 480 1737 eiua
503 1667 586 1736 filius
610 1669 787 1737 Samnitum
810 1672 922 1738 ductor
944 1669 1077 1740 effectus
1100 1678 1159 1756 est,
1184 1672 1234 1738 cui
1257 1677 1363 1738 tamen
1386 1669 1570 1736 Radoaldus

329 1782 362 1842 et
379 1773 592 1856 Grimoaldus,
616 1775 699 1840 sicut
721 1775 838 1842 seniori
861 1773 952 1840 fratri
975 1781 1009 1842 et
1032 1776 1167 1856 domino,
1190 1793 1248 1858 per
1263 1774 1370 1840 omnia
1383 1780 1568 1855 paruerunt.

330 1877 390 1956 Qui
412 1877 472 1945 Aio
495 1895 566 1942 cum
589 1896 672 1943 anno
701 1884 737 1944 et
765 1879 928 1946 mensibus
959 1879 1098 1961 quinque
1128 1879 1389 1944 Beneventanum
1420 1877 1568 1943 ducatum

329 1987 474 2064 regeret,
507 1980 670 2048 venientes
701 1980 806 2047 Sclari
836 2000 906 2047 cum
938 1981 1138 2048 multitudine
1167 1983 1293 2048 navium
1318 1980 1409 2067 (uon)
1432 1981 1526 2063 longe
1550 1999 1569 2044 a

228 2093 230 2096 ’
329 2085 456 2152 civitate
487 2083 628 2167 Seponto
659 2090 765 2151 castra
796 2091 978 2166 posueruut.
1014 2086 1074 2163 Qui
1106 2085 1246 2152 occultas
1270 2084 1380 2152 foveas
1403 2085 1487 2151 circa
1510 2101 1569 2150 sua

329 2194 435 2256 castra
457 2187 620 2273 iactanter,
645 2206 713 2254 cum
737 2187 796 2255 Aio
819 2208 1008 2274 superem,
1041 2191 1227 2256 absentibus
1250 2189 1414 2257 Radoaldo
1438 2194 1472 2254 et
1495 2187 1567 2254 Gri-

328 2292 466 2372 moaldo‚
491 2292 649 2372 venisset,
674 2309 793 2374 eosque
816 2293 978 2359 debellare
1002 2293 1113 2372 vellet,
1138 2311 1240 2374 equus
1263 2294 1331 2359 eiua
1354 2293 1385 2357 iu
1408 2310 1505 2358 unam
1528 2291 1589 2356 de'

328 2396 450 2462 eisdem
478 2394 579 2460 foveis
610 2396 740 2477 cecidit,
773 2401 869 2477 atque
897 2396 1093 2463 irruentibus
1115 2415 1212 2478 super
1235 2415 1306 2462 eum
1330 2394 1450 2462 Solaria
1473 2394 1567 2460 siniul

328 2516 398 2565 cum
422 2498 593 2580 aliquantis
616 2499 691 2565 vin‘e
714 2501 872 2565 extinctus
896 2509 954 2566 est.
990 2499 1082 2577 Quod
1105 2517 1176 2565 cum
1198 2499 1362 2566 Radoatdo
1384 2499 1568 2564 nunciatum

328 2601 450 2688 luisset,
482 2603 545 2668 cito
568 2603 698 2669 veniens
721 2604 840 2670 eisdem
865 2603 988 2669 Sclavis
1009 2604 1139 2686 propria
1160 2603 1284 2669 illorum
1309 2603 1418 2688 lingua
1443 2604 1567 2669 locutus

327 2713 387 2773 est.
422 2705 565 2788 Cumque
596 2715 727 2790 propter
757 2707 819 2772 hoc
851 2709 1014 2790 segniores
1045 2709 1085 2774 ad
1115 2707 1234 2773 bellum
1258 2707 1464 2788 reddidisset,
1496 2725 1569 2772 mox

327 2829 422 2894 super
445 2829 501 2878 eos
523 2812 656 2896 irruens,
679 2829 856 2894 magnaque
879 2818 988 2896 strage
1010 2831 1066 2878 eos
1082 2817 1290 2895 prosternens
1310 2820 1344 2877 et
1358 2811 1468 2878 Aionia
1483 2829 1566 2878 mor-

328 2921 394 2982 tem
417 2915 503 2982 ultus
526 2921 633 2982 estet
655 2916 695 2982 de
717 2915 779 2980 illis
794 2913 910 2982 finibus
925 2935 990 2996 eos,
1014 2917 1068 2998 qui
1084 2923 1312 2996 remanserant,
1337 2916 1444 2984 tostos
1460 2914 1568 2998 lugam

328 3025 439 3102 patere
461 3021 574 3104 coegit.

414 3127 501 3186 Pauli
516 3126 631 3187 diaconi
654 3126 692 3188 do
714 3129 806 3203 gestia
821 3127 1086 3204 Langobardorum
1109 3127 1158 3188 lib.
1176 3128 1218 3188 IV
1241 3146 1266 3190 c.
1285 3129 1336 3189 46.
1360 3127 1406 3188 od.
1425 3127 1567 3186 Muratori

416 3299 576 3360 Muratori:
593 3297 701 3360 Annali
716 3299 745 3359 d'
755 3299 850 3378 Italia,
868 3299 915 3361 od.
932 3299 969 3360 V.
985 3299 1109 3361 Veneta.
1125 3299 1164 3379 11,
1184 3301 1276 3360 1232.

414 3384 560 3446 Chronica
575 3403 599 3446 a.
616 3385 766 3446 Benedicti
782 3405 831 3463 ap.
848 3387 952 3445 Portu:
976 3387 1055 3446 Mon.
1072 3385 1171 3447 Germ.
1188 3385 1214 3444 V
1238 3387 1345 3464 (Scrip.
1362 3383 1431 3466 111),
1455 3404 1485 3464 p.
1504 3389 1566 3446 200

371 3475 455 3532 notat
476 3473 623 3532 brevitor:
647 3473 728 3552 „late
745 3471 800 3552 (ac.
817 3471 886 3552 Aio)
910 3473 1060 3532 dimicavit
1075 3491 1139 3532 oum
1156 3473 1270 3534 Solaria
1285 3473 1324 3532 ad
1340 3471 1477 3532 Aufidum
1500 3470 1564 3551 (tiu-

370 3559 460 3638 vium,
476 3575 554 3619 nuuc
569 3557 707 3638 Osanto);
723 3564 753 3619 et
768 3559 977 3620 iuterfecerunt
991 3560 1072 3619 illum
1088 3576 1142 3635 per
1157 3553 1336 3634 ingenium“.

415 3644 441 3704 Ε
457 3645 720 3722 praedecessorum
734 3645 846 3724 Aionia,
863 3644 980 3704 Arichis
991 3643 1124 3706 nimirum
1137 3650 1167 3704 et
1177 3645 1304 3722 Zotouis‚
1321 3644 1471 3722 regiminis
1482 3645 1567 3704 annia

293 3765 300 3780 ·
370 3729 527 3793 deducitur
541 3737 667 3811 tempus,
684 3749 742 3808 quo
758 3731 876 3792 Staveni
891 3731 1028 3808 Apuliam
1045 3732 1178 3807 adgressi
1195 3735 1272 3792 aunt.
1288 3731 1408 3792 slaveui
1420 3731 1448 3790 hi
1462 3733 1565 3808 procul

371 3815 462 3879 dubio
478 3835 515 3878 ax
530 3820 624 3879 altaro
640 3819 774 3878 adriatici
790 3818 880 3878 maria
892 3818 1000 3896 littore,
1018 3819 1128 3878 civitati
1141 3818 1312 3894 Sipontinae
1324 3819 1459 3896 obverso,
1476 3817 1565 3878 adeo-

370 3921 429 3982 que
445 3905 571 3966 evicina
594 3905 761 3966 Dalmatiae
784 3906 921 3983 regione,
946 3923 1034 3979 quam
1057 3922 1114 3964 nou
1137 3903 1178 3963 ita
1200 3904 1313 3980 pridem
1337 3911 1564 3986 occupaverant,

369 3993 494 4053 navibus
508 3991 569 4051 auia
585 3991 772 4068 adpulerant.
