3572 5276
1445 311 1509 372 439

265 503 325 558 aevi
341 503 455 574 intelligi
480 504 710 574 antropopbagos,
734 503 865 560 barbaros
884 506 912 560 in
930 520 1039 574 genere,
1056 507 1123 560 item
1147 506 1306 576 plerumque
1324 507 1461 576 Slaveuos,
1480 515 1509 564 et

253 589 374 732 3233?
398 590 531 658 Balgaron
558 592 600 645 vel
626 591 738 648 Russus.
763 591 864 647 Nostro
891 591 952 647 loeo
974 591 1084 647 Sloveni
1104 593 1259 648 Garintbiae
1283 594 1450 664 subintelligi
1468 596 1506 650 vi-

821 922 950 994 219.

261 1042 282 1104 d.
298 1062 317 1102 a
332 1043 480 1105 litt-ltu.

461 1195 552 1260 Beati
578 1197 751 1262 Gaudentii
772 1201 806 1261 in
829 1199 992 1263 absarensi
1014 1201 1189 1282 episcopatu
1209 1207 1305 1282 qesta.

869 1339 891 1388 1.

304 1436 497 1518 Reiulgente
531 1439 635 1520 gratia
665 1439 846 1505 individuae
875 1440 1028 1504 trinitatis
1058 1439 1111 1504 lux
1141 1457 1224 1504 nova
1247 1441 1343 1504 terris
1368 1438 1504 1524 affulsit3

261 1539 317 1604 illa
338 1540 459 1606 scilieet
482 1542 543 1614 lux,
569 1559 650 1622 quae
673 1542 831 1607 illuminat
854 1561 979 1608 omnem
1000 1543 1157 1608 hominem
1175 1545 1352 1608 venientem
1368 1544 1400 1607 in
1423 1544 1506 1607 huna

262 1644 422 1708 mundum.
457 1645 570 1710 Plures
601 1663 677 1710 vero
707 1647 898 1723 mortalium,
930 1653 966 1710 ut
995 1665 1123 1710 suorum
1155 1647 1316 1712 oculorum
1350 1646 1504 1712 velamina

262 1747 470 1828 deponerent,
494 1747 535 1814 ad
558 1748 653 1814 buius
676 1749 829 1814 claritatis
851 1750 976 1831 gaudia,
1009 1749 1205 1832 agonizando
1229 1755 1339 1814 contra
1369 1749 1505 1814 labentis

261 1851 415 1932 temporis
446 1853 682 1933 temptationes
714 1853 822 1918 venire
846 1853 1077 1934 disposuerunt.
1109 1852 1249 1930 Quorum
1271 1852 1352 1918 Abel
1375 1856 1503 1934 primus,

260 1953 381 2038 iustus,
421 1961 507 2019 reate
543 1955 712 2020 dividendo
750 1961 782 2020 et
812 1953 973 2022 offerendo
1012 1955 1155 2020 bravium
1189 1956 1329 2021 eoeleste
1359 1955 1503 2036 arripuit.

260 2055 385 2121 Deinde
408 2055 488 2136 Noe,
513 2057 671 2139 perfectus
695 2063 728 2124 et
751 2058 893 2138 simplex,
919 2059 1026 2141 lingua
1048 2058 1183 2123 tacendo
1206 2064 1240 2124 et
1255 2059 1408 2122 iustitiam
1431 2076 1503 2138 per-

259 2161 401 2225 sonando
432 2179 547 2241 aquam
579 2161 747 2240 personuit
775 2161 938 2225 imminere
972 2160 1250 2238 filiishomirrun13
1281 2163 1349 2241 ipse
1373 2178 1446 2226 vero
1471 2161 1503 2224 in

260 2262 383 2326 iustitia
421 2281 480 2327 sua
511 2261 627 2328 fluctus
657 2265 836 2344 superantis
867 2282 969 2345 aquae
1000 2265 1171 2345 superavit,
1203 2266 1236 2328 in
1267 2265 1347 2328 libro
1378 2281 1504 2345 quoque

258 2366 343 2429 vitae
372 2365 551 2447 adscriptus
583 2375 640 2432 est.
671 2366 831 2432 Abraham
855 2385 941 2444 vero,
973 2368 1004 2430 in
1028 2367 1117 2431 auius
1140 2367 1323 2433 obedientia
1347 2367 1502 2431 nerninem

257 2468 519 2549 aequipollentem
551 2471 690 2554 invenit,
721 2469 879 2551 scriptura
909 2487 999 2534 saera
1029 2476 1168 2535 testante
1200 2470 1240 2535 de
1274 2490 1331 2544 eo,
1364 2471 1502 2534 voluisse

259 2590 316 2653 pro
340 2571 529 2639 holocausto
561 2575 620 2640 deu
652 2580 791 2638 mactare
820 2571 952 2654 filiums
967 2573 1104 2654 ideoque
1135 2572 1220 2638 faeta
1242 2575 1302 2638 sibi
1325 2573 1501 2653 promissio,

260 2676 346 2756 quod
376 2677 407 2740 iu
438 2675 557 2742 semine
590 2695 657 2756 suo,
689 2679 721 2740 id
752 2683 802 2742 est
831 2678 862 2741 in
895 2675 1032 2754 Christo,
1064 2683 1100 2741 ut
1129 2677 1293 2758 apostolus
1323 2676 1501 2758 explicavit,

261 2779 482 2844 haereditatus
511 2784 620 2846 essent
650 2787 772 2860 gentes,
803 2781 834 2844 in
859 2791 996 2846 numero
1028 2779 1255 2862 prophetarum
1279 2781 1427 2845 inventus
1451 2784 1502 2844 est

260 2884 389 2964 primus.
420 2882 628 2963 Eximiusque
658 2883 884 2965 prophetarum
914 2883 1027 2962 David,
1061 2883 1204 2965 quamvis
1236 2883 1429 2965 sanguineus
1454 2883 1502 2946 vir

260 2992 356 3066 atque
379 2985 589 3051 advrloerinam
620 2987 748 3052 eaedem
772 2987 905 3052 sortitus
928 2993 986 3064 est,
1012 2986 1138 3052 tandem
1162 2986 1376 3067 poenitudinis
1399 2985 1500 3067 magi-

261 3097 329 3156 ster
359 3089 482 3170 factus,
524 3090 659 3156 caeteris
697 3089 884 3156 mortalibus
912 3090 1088 3170 exemplum
1119 3096 1153 3155 et
1181 3089 1308 3154 modum
1344 3089 1502 3170 praebens

258 3193 472 3276 poenitentiae
494 3193 527 3256 in
557 3193 678 3278 psalmo
709 3193 744 3268 L,
768 3194 852 3271 inter
882 3193 1055 3275 propbetas
1078 3209 1141 3258 non
1163 3193 1316 3258 modicam
1348 3193 1379 3255 in
1402 3209 1501 3274 regno

259 3297 419 3363 coelorum
450 3295 576 3362 habitat
606 3296 742 3361 domum.
774 3296 834 3361 Vel
864 3297 1057 3376 brevissime,
1083 3301 1119 3361 ut
1148 3296 1190 3361 ad
1212 3296 1380 3360 materiam
1411 3295 1501 3360 rede·

259 3418 367 3477 amne,
399 3399 484 3464 idem
507 3398 576 3480 ipse
607 3397 691 3464 filius
722 3399 783 3477 dei,
814 3399 869 3480 qui
893 3399 1006 3464 dieitur
1030 3398 1185 3478 Christus,
1217 3404 1249 3464 et
1272 3405 1321 3465 est
1343 3399 1396 3463 lux
1425 3417 1503 3465 vera

258 3503 450 3586 illuminans,
483 3503 529 3566 sio
560 3502 643 3567 enirn
676 3501 716 3566 da
740 3520 775 3566 se
798 3502 868 3584 ipso
892 3502 953 3567 ait:
990 3521 1067 3585 „ego
1097 3521 1167 3566 sum
1190 3502 1242 3566 lux
1266 3501 1407 3580 muudi“,
1438 3519 1502 3564 non

258 3626 317 3689 par
350 3612 529 3672 creaturam
565 3605 702 3686 aliquam
739 3605 796 3670 sed
825 3625 883 3687 per
913 3612 1016 3670 semet
1046 3607 1158 3687 ipsum,
1189 3604 1319 3669 indutus
1353 3623 1448 3671 carne
1469 3603 1502 3669 in

258 3709 472 3776 sacratissima
494 3709 626 3791 virgine,
650 3709 774 3773 loeutus
798 3717 848 3772 est
869 3709 961 3774 nubis
985 3707 1212 3774 deus-dicens:
1239 3709 1363 3792 „venite
1386 3707 1426 3772 ad
1452 3725 1502 3772 ma

257 3831 376 3889 omnes,
400 3813 454 3894 qui
476 3811 630 3878 laboratis
652 3819 686 3875 et
708 3830 768 3894 ego
792 3831 848 3877 vos
871 3811 1070 3893 requiescere
1092 3811 1236 3876 faeiam“.

301 3916 349 3981 Ad
375 3917 463 3982 euius
485 3933 595 3980 vocem
619 3915 719 3993 multi,
754 3914 859 3980 divino
895 3915 1009 3997 spiritu
1044 3913 1229 3995 opitulante,
1263 3932 1411 3979 ocurrere
1433 3920 1512 3979 stu·

261 4021 416 4093 duarum,
451 4037 490 4084 ex
524 4018 639 4098 quibus
673 4037 755 4083 unus
790 4037 829 4082 ex
861 4017 1142 4083 innumerabilibus
1176 4016 1279 4081 iaetus
1314 4015 1501 4082 absarensis

260 4123 438 4205 episeopus,
470 4121 671 4187 Gaudentius
703 4121 838 4199 nomine,
871 4121 925 4202 qui
954 4126 1105 4202 tanquam
1135 4120 1167 4183 in
1198 4119 1328 4184 aethere
1359 4123 1447 4182 astra
1469 4123 1503 4184 at

259 4228 343 4293 inter
373 4233 460 4292 astra
488 4225 600 4292 lucifer
628 4226 722 4291 rutilo
746 4225 850 4290 colore
873 4244 930 4291 suo
961 4224 1134 4290 revolvitur
1164 4223 1250 4302 orbe,
1283 4223 1329 4287 sia
1350 4223 1384 4286 in
1407 4225 1501 4287 domo

263 4331 323 4407 dai,
347 4329 400 4394 ubi
426 4329 626 4410 congaudent
648 4327 832 4408 angelorum
859 4328 994 4412 agmina,
1018 4327 1104 4392 alara
1127 4325 1242 4391 fruitur
1265 4331 1396 4391 aeterna
1418 4324 1498 4391 luae.

260 4435 408 4514 Dumque
439 4433 562 4498 oaeusio
589 4432 659 4512 ipsa
690 4429 753 4516 (se)
784 4430 932 4515 praebat,
966 4431 1006 4496 de
1028 4430 1153 4496 nomine
1177 4429 1257 4494 tanti
1283 4426 1441 4509 pontificis
1464 4445 1502 4494 ao

260 4537 383 4606 insulse
414 4537 477 4602 iam
506 4535 629 4616 dictae,
659 4535 734 4602 lieet
762 4533 877 4601 faciam
907 4534 947 4601 de
977 4534 1044 4601 vita
1065 4540 1099 4602 et
1128 4533 1270 4600 novibus
1300 4549 1360 4600 nea
1381 4548 1444 4599 non
1467 4536 1501 4598 et
