3602 5304
300 317 362 378 248

298 517 468 601 constricti,
493 522 649 604 quatenus
669 517 714 582 eis
731 516 889 582 civitatem
913 516 963 584 vel
987 515 1097 582 domos
1121 533 1194 582 snas
1210 515 1318 598 egredi
1335 517 1461 582 omnino
1477 533 1538 582 non

298 617 426 699 liceat“,
451 619 572 685 iniuriis
595 618 678 684 affici
701 625 799 685 uetat.

383 743 513 819 Regislri
530 744 579 803 lib.
597 743 639 803 VI
654 760 701 821 cp.
720 745 770 802 25.
801 742 911 802 blansi:
935 742 1023 804 Ooue.
1048 743 1114 803 coll.
1142 741 1179 820 X,
1205 744 1254 804 18.
1278 742 1536 822 rarissimae.

342 829 414 892 Ood.
431 831 501 906 dipl.
519 829 601 890 OSD.
619 831 643 910 1,
661 831 713 889 20.
728 828 820 890 lade:
836 829 967 905 Regesta
982 832 1063 904 pont.
1080 845 1154 888 rom.
1170 845 1213 888 nr.
1234 829 1326 889 1036.

894 1043 944 1105 36.
984 1047 987 1054 ’

251 1129 260 1148 ⁸
297 1130 319 1191 l.
335 1131 382 1200 tel.
398 1148 466 1191 nonu
482 1131 584 1190 biurio.

341 1249 431 1330 Papa
461 1247 635 1331 Gregorius
665 1247 680 1312 I
713 1246 818 1333 „clero
847 1252 881 1312 et
911 1247 1070 1314 nobilibus
1102 1246 1237 1314 Salonas
1269 1245 1535 1314 consistentibusl

297 1352 417 1432 scribit,
450 1369 486 1416 se
521 1357 651 1430 ,contra
678 1350 850 1416 Maximum
878 1351 965 1415 nullo
997 1352 1069 1419 odio
1100 1352 1258 1431 morar1“,
1290 1355 1386 1434 prout
1412 1350 1540 1432 quidam

301 1472 491 1542 „perversae
514 1456 629 1521 mentis
652 1454 803 1540 homines,
833 1460 869 1519 ut
895 1455 1066 1522 eorundem
1090 1455 1210 1522 animos
1239 1456 1453 1534 vulnerarent,
1476 1453 1539 1518 illis

298 1559 458 1625 insinuare
482 1561 586 1625 conati
609 1565 692 1638 sunt;
717 1576 752 1623 se
775 1562 898 1624 tantum
916 1558 1078 1640 „eiusdem
1093 1559 1221 1625 Maximi
1237 1576 1364 1625 causam
1379 1558 1539 1624 subtiliter

299 1662 419 1743 exquiri
443 1662 657 1729 desideraret
684 1661 899 1728 salonitanam
923 1662 1087 1729 ecclesiam
1110 1669 1176 1728 tam
1199 1663 1252 1728 diu
1278 1662 1365 1744 ,sino
1388 1665 1534 1744 pastorel

301 1785 374 1833 esse
398 1765 493 1833 dolet.
520 1767 675 1852 „Miratus
699 1771 806 1832 autem
829 1767 920 1832 raldo
943 1785 1022 1852 snm,
1055 1767 1129 1848 quia
1158 1767 1191 1831 in
1220 1772 1311 1834 tanto
1343 1766 1538 1833 salonitanae

302 1869 456 1938 ecclesiae
479 1870 563 1936 clero
586 1870 637 1936 vel
660 1869 778 1953 populo
800 1869 851 1936 vix
874 1870 937 1936 duo
960 1890 998 1937 ex
1021 1871 1119 1936 sacris
1140 1870 1303 1938 ordinibus
1318 1869 1439 1936 inventi
1455 1873 1537 1948 sunt,

298 1974 401 2040 irater
423 1974 542 2040 scilicet
565 1979 600 2038 et
621 1975 827 2056 coepiscopus
850 1979 960 2041 noster
981 1975 1132 2040 Paulinus
1156 1979 1189 2039 et
1211 1973 1435 2066 dilectissimus
1457 1971 1538 2038 filius

300 2092 390 2144 mous
414 2076 599 2144 Honoratus
622 2076 860 2144 archidiaconus
883 2076 1027 2143 eiusdem
1048 2077 1210 2156 ecclesiae,
1234 2077 1287 2158 qui
1308 2077 1539 2143 communicare

298 2180 445 2259 Maximo,
470 2178 681 2247 sacerdotium
704 2180 848 2262 rapienti,
873 2180 999 2246 minime
1025 2179 1257 2260 consentirent,
1289 2185 1323 2245 et
1351 2198 1386 2246 se
1416 2178 1539 2244 christi·

298 2299 378 2348 anos
402 2301 473 2348 esse
497 2300 709 2363 cognosceren
726 2284 754 2346 “.
788 2283 922 2350 Veniam
952 2289 1059 2349 tamen
1090 2282 1168 2364 ipsis
1198 2288 1354 2365 precatur,
1385 2299 1424 2348 oo
1455 2281 1540 2363 quod

302 2385 475 2467 ,quosdam
496 2385 650 2452 violenter
679 2403 806 2467 pressos
829 2386 870 2451 ad
893 2385 1152 2452 consentiendum
1182 2385 1211 2452 ei
1242 2392 1275 2451 at
1305 2385 1345 2451 ad
1369 2383 1538 2451 communi-

300 2485 466 2566 oandum“,
490 2488 578 2554 sciat.

388 2612 518 2688 Rogistri
541 2613 651 2674 lib.v1
674 2630 721 2688 ep.
739 2615 789 2673 26.
817 2613 926 2673 Marsi:
955 2613 1043 2673 Ocno.
1060 2614 1126 2673 coll.
1143 2614 1179 2689 X,
1203 2615 1252 2673 18.
1279 2613 1393 2673 Farlati
1408 2613 1448 2691 ΙΙ,
1466 2613 1538 2672 263.

343 2697 415 2758 (lod.
433 2698 503 2774 dipl.
520 2697 603 2759 OSD.
621 2699 645 2777 1,
664 2702 716 2758 22.
733 2699 826 2759 Jaffe:
842 2701 973 2775 Regosta
988 2704 1069 2776 pont.
1086 2717 1158 2760 rom.
1174 2717 1219 2760 nr.
1240 2701 1331 2761 1037.

301 3013 527 3084 inarum-ar.
898 2933 949 2992 Μ’

344 3132 433 3212 Papa
463 3132 636 3213 Gregorius
659 3133 674 3195 l
697 3133 824 3200 Juliano
855 3134 1007 3199 scribonil
1032 3134 1072 3200 de
1094 3133 1230 3200 Maximo
1255 3134 1456 3214 salonitano,
1487 3134 1540 3199 ubi

299 3234 340 3300 ad
364 3253 400 3300 se
423 3236 553 3319 venerit,
577 3236 660 3301 iuste
683 3237 856 3302 indicatum
878 3237 917 3303 iri
939 3237 1087 3303 affirmat.

389 3359 519 3435 Registri
533 3361 582 3422 lib.
600 3361 642 3418 IX
658 3378 705 3436 cp.
722 3362 774 3420 41.
803 3361 913 3421 blansi:
938 3361 1025 3423 Conc.
1051 3361 1116 3420 coll.
1133 3361 1170 3439 X,
1198 3364 1268 3422 191.
1296 3361 1387 3421 Jalie:
1410 3361 1540 3437 Rogesta

344 3449 424 3520 pont.
441 3463 514 3505 rom.
530 3463 574 3506 nr.
595 3448 688 3506 1038.

338 3563 346 3596 ¹
365 3561 505 3616 Constant.
524 3561 620 3631 porph.
639 3560 672 3617 de
691 3561 811 3617 Caerem.
831 3561 873 3617 ed.
892 3562 979 3618 Bonn.
1000 3579 1026 3632 p.
1049 3565 1112 3618 166:
1131 3565 1251 3651 ωιρίβων
1267 3563 1336 3619 sacri
1349 3563 1469 3634 corporis
1482 3563 1540 3631 (im-
1586 3600 1589 3606 ·

300 3646 449 3716 paratorio)
469 3653 568 3704 custos.

895 3829 944 3890 38.

299 3909 322 3969 l.
338 3907 386 3977 tlt,
401 3925 470 3968 neura
486 3908 548 3973 iulio.

341 4028 430 4108 Papa
453 4025 625 4108 Gregorius
647 4026 663 4090 1
690 4027 911 4110 „presbyteris
936 4029 1120 4094 maronibus
1143 4033 1176 4093 ot
1198 4028 1292 4107 clero,
1318 4027 1478 4092 nobilibus
1503 4047 1542 4093 aa

240 4178 243 4184 ·
299 4131 428 4212 populo,
453 4129 592 4196 Jaderae
616 4131 879 4211 consistentibus,
904 4137 938 4197 et
963 4133 1125 4216 militibus
1149 4133 1203 4212 qui
1226 4131 1362 4196 Maximo
1384 4133 1541 4213 praevari-

300 4233 404 4299 catori
427 4231 767 4311 communicaverant“,
792 4235 931 4313 mandat,
959 4241 1012 4313 „ut
1031 4234 1209 4316 prohibitae
1226 4235 1452 4300 communionis
1468 4255 1541 4300 con-

302 4336 402 4400 sortio
426 4354 484 4416 per
507 4336 612 4401 omnia
633 4337 837 4418 suspendant,
861 4357 921 4403 nec
943 4339 1089 4418 cuiquam
1121 4337 1293 4416 sacerdoti,
1323 4340 1540 4420 suprascripto

300 4437 437 4504 Maximo
461 4439 711 4518 communicanti,
735 4445 847 4506 contra
866 4440 1000 4506 animaru
1016 4459 1105 4508 suam
1123 4441 1290 4522 quisquam
1312 4442 1541 4510 communicare

300 4546 514 4622 praesumatl.
