3604 5276
324 336 388 401 278

932 539 960 600 2.

323 659 502 724 Solonitoni
524 662 601 724 niuea
619 659 759 742 priunum
780 677 838 740 por
860 657 983 720 inuidos
1005 656 1122 722 uicinos
1153 656 1307 742 dispersi,
1341 656 1484 722 nonnulli
1506 654 1565 720 Ja-

324 764 433 828 derom
456 771 484 828 ot
507 761 691 848 Ropneinm,
714 761 797 847 qnod
819 761 857 824 al
882 759 1124 846 Epidamnum
1147 760 1301 846 conditur,
1324 763 1471 844 mipront,
1492 761 1566 844 pln-

694 865 767 929 rinn‘
789 864 952 949 ›Spolnlnm
976 885 1008 929 ae
1030 866 1192 949 recipiunt.

368 969 545 1043 Διελθόντες
567 960 600 1033 δὲ
623 969 710 1042 εὐθὺς
728 969 796 1043 τοὺς
811 966 928 1054 Ῥωμα-
1003 967 1136 1054 (Solavi)
1167 969 1338 1036 intromissi
1370 970 1416 1052 (in
1440 969 1567 1034 clausu·

323 1098 388 1149 νονς
410 1068 491 1138 olna
505 1075 650 1159 ἐξήλασαν
665 1075 715 1136 καὶ
730 1073 786 1142 την
802 1070 930 1135 Σαλῶνα
961 1075 1040 1154 ram)
1056 1074 1214 1139 Romanos
1237 1073 1354 1155 oppido
1370 1073 1499 1157 (Clissa)
1516 1092 1569 1140 ex·

323 1179 360 1242 τὰ
369 1177 567 1266 προειρημένον
577 1175 702 1264 κάστρον
713 1177 879 1264 ἐκράτησαν
889 1225 896 1239 .
907 1229 928 1243 ..
962 1177 1121 1263 putarunt,
1141 1195 1199 1243 neo
1214 1196 1276 1243 non
1293 1177 1390 1243 etiam
1406 1177 1568 1244 laudatam

324 1280 512 1369 κατέσφαξαν
527 1273 576 1345 οὗν
591 1279 706 1354 πάντας
724 1281 792 1354 τοὺς
807 1289 861 1354 τῆς
876 1280 930 1343 τό·
962 1281 1072 1348 urbem
1110 1280 1257 1347 Salonam
1296 1288 1492 1364 occuparunt
1509 1332 1515 1346 .
1533 1329 1567 1345 ..

324 1390 407 1460 λεως,
430 1387 480 1450 καὶ
502 1391 609 1450 ἔκτοτε
631 1383 857 1472 κατεκράτησαν
872 1393 930 1447 ποῖ-
961 1384 1195 1451 interfecerunt
1217 1385 1326 1468 itaqua
1342 1404 1451 1453 omues
1467 1386 1568 1465 civem

324 1513 378 1554 σαν
407 1490 463 1560 τον
492 1489 590 1577 χώραν
613 1489 783 1575 damaeta
805 1491 855 1552 καὶ
876 1511 931 1551 κα-
962 1495 995 1556 et
1017 1509 1054 1556 ex
1078 1508 1116 1555 eo
1131 1497 1276 1572 ternpore
1291 1490 1480 1556 Dalmatiam
1497 1490 1567 1556 uni·
1613 1487 1615 1492 ’

324 1595 514 1667 τεσκήνωσαν
544 1595 573 1658 ἐν
603 1597 691 1678 αὐτῇ.
723 1593 798 1680 μόνα
828 1583 861 1656 δὲ
891 1593 931 1657 τοὶ
964 1612 1085 1660 versam
1100 1600 1303 1676 occuparunt,
1321 1593 1569 1678 sedemquaillic

325 1699 395 1788 πρὸς
416 1697 576 1763 θάλασσαν
595 1699 731 1784 ποὶέχνια
753 1701 786 1760 οὐ
809 1688 934 1760 aovato-
965 1717 1052 1764 suam
1078 1698 1284 1778 collocarunt,
1315 1700 1455 1782 exceptis
1478 1700 1568 1782 oppi-

326 1827 382 1868 καν
404 1807 519 1887 αὐτοῖς,
550 1803 631 1866 ἀλλὰ
653 1803 829 1888 κατείχοντο
851 1801 931 1888 παρὰ
963 1801 1045 1868 dulia
1069 1803 1147 1868 mari
1170 1802 1398 1877 adiacentibus,
1429 1821 1511 1884 quae
1533 1820 1570 1868 se

328 1916 389 1970 τῶν
412 1903 566 1993 Ῥωμαίων
580 1897 628 1970 δαὶ
643 1906 680 1968 τὸ
696 1903 764 1969 εἶναι
778 1906 831 1969 τὸν
846 1904 932 1992 πόρον
963 1907 1040 1988 ipsis
1063 1925 1125 1972 non
1147 1906 1357 1987 tradiderunt,
1381 1907 1437 1974 sed
1457 1907 1488 1971 in
1504 1906 1568 1972 Ro-

328 2019 383 2085 τῆς
397 2009 475 2096 ζωῆς
489 2012 588 2072 αὐτῶν
604 2011 638 2074 ἐκ
652 2017 707 2083 τῆς
721 2007 931 2082 θαλάσσης...
963 2028 1126 2075 manorum
1150 2014 1310 2092 potestate
1339 2012 1570 2093 permanebant

338 2147 340 2151 v
963 2132 1002 2179 eo
1034 2113 1118 2194 quod
1146 2133 1185 2180 ex
1215 2115 1293 2180 mari
1323 2114 1569 2180 victitarent...

370 2214 412 2281 Οῑ
435 2207 468 2280 δὲ
490 2218 575 2280 αὐτοὶ
589 2213 754 2279 Ῥαονσαῒοι
771 2215 809 2278 τὸ
830 2218 930 2278 παλα-
1004 2215 1109 2298 Atque
1146 2216 1179 2281 hi
1217 2216 1277 2298 ipsi
1319 2216 1457 2283 Musaei
1495 2217 1570 2284 olim

326 2320 367 2384 ιόν
397 2317 538 2408 ἐκράτουν
565 2318 602 2382 τὸ
630 2316 755 2406 κάστρσν
776 2317 814 2382 τὸ
836 2317 933 2383 ἐπιλε-
963 2325 1135 2386 tonuerunt
1149 2320 1259 2386 urbem
1271 2319 1468 2402 Epidaurum
1490 2339 1570 2386 nuu-

327 2423 450 2512 γόμενον
472 2421 619 2510 Πίταυρα·
643 2424 692 2486 καὶ
715 2411 827 2498 ἐπειδή,
849 2421 934 2492 ἡνίκα
965 2429 1128 2505 eupatam3
1153 2427 1186 2488 at
1208 2429 1321 2505 postea
1341 2442 1412 2489 oum
1427 2423 1572 2506 reliquae

327 2527 369 2591 τά
391 2525 480 2591 λοιποὶ
500 2527 711 2614 ἐκρατήθησαν
725 2524 839 2613 κάστρα
855 2525 935 2613 παρὰ
965 2527 1062 2592 urbes
1085 2533 1287 2610 expugnatae
1312 2533 1421 2594 assant
1442 2546 1461 2593 a
1485 2526 1572 2594 Scla-

327 2641 388 2695 τῶν
409 2628 556 2714 Σκλάβων
574 2639 635 2693 τῶν
651 2629 743 2693 ὄντων
766 2630 796 2692 ἐν
817 2638 863 2712 τῷ
878 2628 931 2692 dl·
963 2630 1029 2710 vla,
1065 2631 1118 2712 qni
1153 2631 1183 2696 in
1215 2631 1277 2697 hoc
1309 2631 1451 2697 themate
1484 2637 1570 2713 sunt,

327 2759 418 2823 ματα,
456 2733 611 2821 ἐκρατήθη
649 2736 699 2798 καὶ
731 2734 769 2797 τὰ
802 2742 936 2797 τοιοῦτον
965 2733 1044 2802 haec
1075 2734 1170 2800 ctiam
1201 2735 1278 2801 urbs
1307 2736 1347 2801 ab
1378 2735 1455 2817 ipsis
1476 2741 1571 2819 capla

327 2839 470 2928 κάστρον,
501 2841 550 2901 καὶ
580 2841 607 2901 οἱ
636 2836 688 2926 μὲν
720 2836 891 2925 ἐσφάγησαν
911 2841 937 2900 οἱ
966 2837 1041 2913 luia
1065 2845 1098 2905 et
1120 2838 1233 2904 civium
1257 2838 1311 2906 alii
1331 2839 1458 2920 quidem
1473 2839 1573 2905 inter-

327 2935 360 3008 δὲ
382 2943 671 3031 apparationem,
695 2945 722 3005 ο1
743 2933 777 3006 δὲ
795 2932 936 3012 δυνηθέν-
967 2940 1041 3008 fecti
1064 2941 1170 3022 luere,
1202 2941 1256 3008 alii
1286 2960 1361 3009 vero
1384 2944 1417 3008 iu
1440 2944 1573 3011 vinculis

327 3071 377 3123 τες
399 3049 531 3136 ἐκφυγεῖν
553 3047 604 3110 καὶ
619 3037 802 3116 διασωθῆναι
816 3052 854 3120 εἰς
867 3046 936 3121 τοὺς
965 3046 1104 3113 abducti.
1126 3046 1186 3125 Qui
1210 3054 1317 3114 autem
1338 3047 1414 3131 fuga
1437 3048 1571 3114 salutem

327 3151 525 3240 ὑποκρήμνους
547 3150 655 3224 τόπους
680 3159 881 3232 κατῴκησαν,
905 3150 934 3212 ἐν
964 3150 1106 3217 invenire
1119 3155 1301 3233 potuerunt,
1318 3152 1388 3218 loca
1400 3159 1573 3235 praerupta
1594 3165 1599 3174 '

327 3250 352 3337 ᾧ
375 3261 452 3319 ἐστιν
474 3255 579 3342 ἀρτίως
600 3253 638 3317 τὸ
660 3253 796 3342 αάστρον,
820 3245 932 3318 οἰκοδο-
962 3253 1198 3334 inhabitarunt3
1228 3254 1283 3322 ubi
1306 3273 1389 3322 nunc
1411 3257 1488 3324 urbs
1510 3261 1594 3336 est·

328 3355 475 3446 μ’ήσαντες
503 3357 578 3421 αὐτὰ
607 3358 744 3446 πρότερον
767 3357 864 3446 μικρὸν
886 3359 936 3421 καὶ
965 3357 1066 3440 primo
1089 3357 1233 3442 exiguam
1257 3357 1344 3425 illam
1370 3345 1573 3427 aedificantes

326 3467 416 3526 πάλιν
439 3461 519 3551 μετὰ
540 3471 642 3525 annua
661 3462 768 3549 μεῖζον,
792 3464 842 3525 καὶ
857 3463 935 3548 φαταὶ
965 3467 998 3528 et
1020 3467 1133 3544 postea
1155 3461 1324 3540 maiorem;
1348 3481 1420 3529 mox
1442 3483 1568 3529 rursum

328 3575 420 3630 τοῦτο
443 3563 532 3628 πάλιν
554 3565 590 3628 τὰ
613 3577 710 3652 ταχος
732 3568 825 3630 αὐτοῦ
847 3565 934 3650 adll—
965 3571 998 3630 et
1020 3572 1168 3647 quartum
1191 3566 1343 3650 paulatim
1373 3573 1467 3633 aucta
1491 3567 1569 3632 mul-

328 3691 432 3742 σαντες
465 3666 549 3756 μέχρι
578 3658 603 3731 δ’
633 3673 708 3755 ἔχειν
737 3667 775 3732 τὸ
808 3667 932 3756 αάστρον
962 3669 1099 3734 titudine
1121 3669 1264 3750 pomeria
1285 3669 1497 3751 protulerunt.
1521 3669 1569 3736 Ex

328 3762 377 3836 διὰ
409 3771 446 3834 τὰ
481 3770 687 3836 πλατύνεσθαι
725 3773 831 3846 αὐτοὺς
867 3771 936 3834 κατ’
965 3771 1003 3837 iis
1026 3777 1151 3850 aratam,
1183 3773 1236 3854 qui
1260 3771 1389 3840 aliunde
1412 3773 1572 3856 demigra-

329 3875 427 3963 ὀλίγον
448 3878 499 3939 καὶ
521 3874 739 3944 πληθύνεσθαι.
763 3877 797 3939 ἐκ
819 3865 852 3939 δὲ
873 3884 934 3938 τῶν
965 3882 1041 3940 runt
1063 3876 1248 3960 Rugusium,
1272 3877 1306 3941 hi
1328 3881 1417 3944 suut:
1448 3878 1569 3962 Gregof

329 3978 569 4068 μετανοησάντων
587 3985 624 4052 εὶς
646 3980 682 4042 τὰ
706 3979 854 4044 Ῥαούστον
870 3982 935 4042 εἰσὶν
966 3979 1041 4055 rius,
1065 3979 1251 4062 Arsaphius‚
1268 3979 1461 4067 Victorinus,
1483 3981 1575 4049 Vita·

329 4078 426 4148 οὓτως
451 4081 614 4172 Γρηγόρως,
637 4082 795 4172 Ἀρσάριος,
819 4082 934 4147 Βικτω-
964 4083 1043 4163 lina,
1091 4083 1278 4150 Valentinus
1322 4084 1574 4165 archidiaconus,

329 4199 409 4276 ρῖνος,
439 4186 586 4262 Βιτάλνος,
620 4187 793 4262 Βαλεντίνος
815 4193 831 4252 ὁ
854 4209 934 4276 αρχι-
965 4189 1152 4256 Valentinus
1190 4194 1282 4272 paror
1324 4191 1575 4273 protospatharii

330 4283 456 4367 διακων,
496 4290 669 4366 Βαλεντῖνος
698 4296 714 4355 d
747 4291 849 4379 πατὴρ
884 4301 938 4354 τοῦ
956 4283 1131 4375 'Stephani
1167 4293 1216 4359 Ex
1249 4311 1312 4375 quo
1347 4299 1455 4362 autom
1489 4295 1575 4362 cives

332 4395 600 4482 τρωτοσπαθαρίοο
621 4392 784 4482 Στεφάνου.
819 4393 868 4480 ἀφ’
903 4387 937 4457 οὗ
967 4395 1135 4461 salonitani
1158 4396 1311 4464 Rausium
1343 4395 1573 4481 demigrarunt,

330 4489 436 4563 dicad
447 4496 576 4560 Σαλῶνα
588 4497 765 4585 μετεξνκησαν
781 4502 818 4571 εἰς
835 4495 939 4561 Ῥαοὺ-
969 4499 1042 4563 anni
1080 4504 1154 4563 sunt
1189 4505 1252 4567 500
1284 4501 1317 4567 in
1351 4502 1435 4568 hunc
1472 4521 1575 4584 usqua

331 4625 399 4689 σοον,
424 4604 490 4666 εἰσὶν
513 4605 566 4673 ἐτη
583 4601 611 4690 φ’
625 4599 708 4690 μέχρι
731 4611 785 4676 τῆς
807 4601 937 4689 σηρερον.
970 4603 1054 4668 diem
1071 4652 1078 4666 .
1096 4652 1129 4667 ..
