3602 5304
1419 347 1481 412 231

242 549 449 632 cogniturum,
474 549 514 614 de
533 549 647 631 quihus
664 549 810 616 omnibus
825 551 1000 634 choganum
1016 551 1184 618 certiorem
1200 550 1367 618 facturum.
1391 550 1481 618 Haec

240 669 306 718 non
320 651 444 718 latebat
458 651 597 718 Avarum
614 652 764 736 legatum,
789 673 858 722 ere
881 660 957 720 nala
979 656 1020 720 ab
1043 655 1235 736 imperatore
1261 652 1404 736 conficta,
1428 653 1483 736 qui

240 755 365 838 objecto
378 754 552 822 Tureorum
564 763 650 822 melu
662 756 837 840 choganum
849 758 1009 824 abducere
1020 760 1060 825 ab
1071 759 1197 840 incepto
1210 776 1307 840 opere
1316 757 1478 841 sperabat

141 917 151 938 ,
242 857 307 925 Sed
319 859 404 926 idem
416 878 452 927 se
464 861 583 926 sentire
596 861 766 940 simulavit,
779 867 811 926 et
823 859 968 942 promisit
979 880 1014 927 se
1027 860 1213 928 effatorum
1225 868 1261 928 ut
1272 862 1314 928 ab
1326 881 1365 929 ea
1375 868 1480 928 mente

240 961 590 1045 chaganusdesisteret.
602 963 714 1047 ltaque
726 964 861 1046 legatus,
873 964 927 1045 qui
939 965 1108 1048 praecipue
1121 964 1297 1046 choganum
1309 965 1350 1032 ad
1361 965 1481 1033 bellum

241 1066 393 1134 Romanis
408 1065 606 1134 inferendum
621 1067 802 1152 impulerat,
826 1067 1028 1150 amplissimis
1043 1069 1134 1135 donis
1154 1069 1302 1152 acceptis,
1325 1087 1408 1152 quae
1423 1086 1481 1151 pro

241 1171 389 1238 mercede
418 1171 654 1253 postulaverat,
686 1171 815 1253 eregia
841 1171 921 1238 urbe
952 1169 1171 1254 proficiscitur.
1207 1171 1271 1239 Sed
1300 1191 1396 1255 quum
1425 1189 1483 1256 per

242 1273 385 1356 Illyrium
407 1275 469 1340 iter
498 1273 621 1340 laceret
643 1293 714 1340 cum
737 1275 846 1357 paucis
865 1274 1017 1340 Romanis
1040 1275 1082 1342 ad
1104 1295 1176 1343 eum
1199 1277 1368 1344 tutandum
1391 1295 1483 1359 prae

242 1377 365 1456 missis,
388 1396 410 1444 a
432 1376 604 1457 Sclavinis,
638 1379 840 1445 excursiones
862 1377 895 1443 in
919 1397 973 1446 eas
995 1385 1105 1462 partes
1128 1379 1337 1460 iacientibus,
1361 1381 1483 1447 occisus

242 1489 301 1548 est.
335 1481 405 1548 Non
429 1482 535 1548 multis
558 1482 734 1564 interiectis
758 1482 881 1560 diebus,
906 1499 979 1548 ecce
1002 1482 1084 1549 alter
1106 1483 1231 1566 legatus
1258 1483 1346 1549 venit
1367 1503 1388 1548 a
1410 1484 1484 1550 cha-

243 1603 326 1668 gano
348 1583 382 1650 in
403 1585 524 1666 regiam
548 1585 668 1666 urbem,
693 1584 847 1653 Solachus
868 1578 1022 1677 (Σόλαχος)
1046 1586 1181 1667 nomine,
1206 1586 1259 1668 qui
1282 1587 1486 1670 apertissima

244 1692 279 1756 et
299 1689 386 1754 nuda
407 1688 606 1771 impudentia
627 1691 674 1756 ita
695 1689 820 1758 locutus
843 1694 908 1755 est:
934 1691 1054 1774 ,Ponte
1068 1692 1214 1772 junctum
1230 1688 1360 1756 dumam
1376 1689 1484 1772 Saum,

243 1811 475 1875 supervacuum
498 1793 643 1859 existimo
666 1793 836 1859 affirmare.
865 1792 1036 1860 Manifesta
1057 1793 1141 1859 enim
1165 1796 1200 1874 is,
1226 1795 1281 1876 qui
1304 1795 1403 1877 probe
1426 1795 1485 1861 sei·

244 1896 311 1962 enti
332 1901 451 1981 uarrai,
475 1896 707 1978 vituperatione
730 1897 844 1978 dignm
867 1903 926 1963 est.
950 1897 1062 1981 Neque
1087 1916 1161 1965 vero
1178 1899 1243 1964 ulla
1257 1905 1328 1966 arte
1349 1898 1483 1965 Romani

246 1997 395 2065 Sirmium
419 2000 569 2083 oppidum
592 2001 632 2067 ab
655 2000 820 2067 obsidione
851 2000 1006 2079 liberare,
1043 2019 1145 2084 neque
1171 2007 1397 2081 commeatum,
1429 2006 1486 2068 ant

242 2101 339 2168 aliam
368 2101 466 2168 ullam
494 2122 579 2184 rem,
611 2121 693 2185 quae
714 2104 854 2171 obsessis
876 2103 1054 2171 levamento
1078 2106 1132 2184 sit,
1165 2102 1296 2172 flumine
1317 2103 1350 2171 iu
1372 2103 1483 2170 urbem

242 2203 393 2272 invehere
417 2211 567 2288 possunt,
591 2207 652 2274 nisi
676 2212 799 2273 tanum
822 2208 1055 2275 multitudinem
1077 2207 1153 2273 illuc
1174 2209 1319 2287 mittant,
1348 2225 1430 2289 quae
1452 2209 1483 2272 vi

243 2313 277 2372 et
299 2305 487 2376 fortitudine
518 2309 621 2392 possit
635 2309 781 2386 Avarum
811 2310 982 2376 exercitum
1007 2311 1048 2376 ab
1071 2310 1236 2378 obsidione
1266 2311 1427 2394 depellere
1449 2313 1484 2376 et

243 2415 371 2492 pontem
402 2413 549 2496 dejicere.
582 2414 695 2496 Itaque
722 2413 946 2496 imperatorem
970 2412 1146 2480 consultius
1170 2413 1342 2494 facturum,
1373 2415 1400 2480 si
1422 2432 1482 2496 pro

243 2532 307 2580 una
327 2517 455 2583 minime
478 2517 632 2601 opulenta
652 2518 750 2603 urbe,
786 2519 886 2601 magis
909 2536 967 2602 pro
990 2537 1055 2584 uua
1077 2519 1141 2584 olla
1163 2517 1217 2604 (ea
1239 2517 1321 2586 euim
1345 2517 1483 2587 dadone

244 2639 321 2688 usus
342 2619 473 2706 luerat),
505 2641 567 2690 non
599 2621 718 2689 bellum
747 2622 780 2687 in
809 2620 929 2688 Avares
952 2627 986 2688 et
1007 2619 1146 2688 Avarum
1176 2622 1351 2705 choganum
1384 2623 1483 2689 rusci·

245 2728 347 2804 peret,
371 2724 428 2791 sed
452 2725 480 2790 si
503 2730 670 2792 contentus
693 2724 829 2791 educere
853 2724 958 2790 salvos
979 2729 1016 2790 et
1037 2724 1211 2792 incolumes
1234 2741 1344 2791 omnes
1367 2725 1484 2792 milites

244 2827 405 2894 Romanoa
428 2833 462 2894 et
482 2827 571 2895 urbis
593 2827 712 2895 incolas
734 2846 799 2894 uua
821 2845 891 2894 enm
914 2827 981 2892 suis
1003 2828 1109 2908 rebus,
1133 2827 1281 2910 quequid
1305 2847 1415 2894 earum
1438 2827 1483 2894 ei-

243 2927 327 2999 ierre
350 2933 521 3015 potuerint,
544 2933 656 3000 urbem
679 2931 796 2998 nudam
819 2936 853 2997 et
875 2931 1035 2997 desertam
1062 2932 1203 3016 chagano
1229 2931 1367 2999 cederet.
1391 2931 1485 2998 Hunc

244 3035 327 3102 enim
350 3036 487 3102 veritum
508 3053 598 3116 esse,
629 3053 669 3102 nc
691 3035 826 3102 Romam
848 3029 935 3102 stare
957 3036 1044 3118 pacis
1067 3034 1302 3102 conditionibus
1324 3035 1356 3099 in
1379 3035 1484 3102 animo

244 3137 402 3206 haberent
429 3139 586 3221 tantisper
616 3139 690 3204 dum
714 3139 849 3218 bellum,
882 3138 967 3220 quod
990 3156 1060 3205 cum
1083 3139 1190 3205 Persis
1214 3142 1381 3222 gererent,
1413 3155 1485 3204 con·

244 3240 386 3326 fecerint,
410 3260 514 3326 eoque
536 3240 690 3322 conlecto,
713 3244 857 3311 omnihus
881 3243 1001 3310 viribus
1016 3243 1049 3308 in
1064 3242 1184 3310 Avares
1199 3243 1353 3325 impetum
1369 3242 1483 3322 lacere,

245 3364 341 3427 quum
372 3346 453 3412 hane
483 3346 593 3414 urbem
623 3347 890 3430 promptissimum
918 3347 1071 3414 adversus
1101 3346 1188 3429 ipsos
1212 3343 1483 3428 propugnaculum

244 3449 415 3524 haberent,
449 3468 552 3531 neque
580 3451 747 3518 interiecto
770 3448 865 3516 fluvio
887 3452 1022 3519 maximo
1046 3456 1103 3517 aut
1124 3451 1188 3516 alia
1210 3450 1271 3516 loci
1296 3447 1484 3514 difficultate

245 3551 483 3635 impedirentur.
515 3551 662 3620 Ceterum
692 3555 892 3636 perspicuum
916 3559 950 3620 et
972 3559 1116 3637 apertum
1147 3573 1234 3633 esee,
1262 3552 1484 3634 imperatorem

245 3656 398 3723 commodi
421 3655 561 3722 Avarum
584 3657 702 3723 nullam
724 3658 875 3724 habuisse
898 3659 1068 3738 rationem,
1093 3658 1162 3740 qui,
1192 3656 1287 3724 etiam
1310 3673 1389 3737 paco
1411 3673 1484 3722 con·

244 3761 365 3839 stituta,
391 3759 541 3844 oppidum
565 3757 712 3827 Sirmium
735 3761 941 3828 validioribus
963 3763 1128 3828 moenibus
1150 3759 1293 3826 cinxerit.
1316 3759 1392 3824 Frui
1416 3756 1484 3840 qui-

244 3865 316 3933 dem
340 3863 518 3948 choganum
550 3863 642 3931 donis
673 3882 754 3946 quae
785 3865 916 3946 singnis
940 3866 1031 3931 annis
1055 3865 1189 3946 accipiat
1211 3864 1252 3929 ab
1275 3863 1485 3944 imperatore;

243 3989 316 4036 nam
338 3970 445 4053 magni
467 3969 562 4053 pretii
585 3967 669 4035 bona
691 3987 765 4034 esse
787 3985 915 4048 aurum,
948 3975 1113 4052 argentum
1138 3973 1173 4033 et
1195 3967 1330 4058 sericam
1352 3969 1485 4044 vestem,

245 4075 302 4140 sed
333 4073 528 4140 canssimnm
561 4078 595 4138 et
624 4071 886 4155 pretiosissimum
916 4073 1054 4138 omnium
1085 4071 1239 4138 bonorum
1269 4088 1343 4137 esee
1375 4068 1482 4148 vitam

244 4177 295 4243 oui
317 4195 387 4243 cum
417 4176 560 4261 timeret,
593 4182 626 4242 et
655 4177 761 4242 animo
783 4179 963 4258 repeteret,
993 4175 1155 4241 Romanos
1178 4173 1294 4240 multas
1315 4175 1429 4256 gentes
1451 4170 1484 4234 in

243 4279 293 4346 his
317 4280 394 4346 locis
419 4279 510 4347 donis
533 4285 567 4345 et
589 4279 774 4344 muneribus
799 4281 840 4344 ad
864 4298 899 4346 se
921 4278 1071 4344 accivisse
1100 4283 1134 4342 et
1160 4277 1373 4361 pertraxisse,
1405 4291 1484 4356 quas

245 4382 359 4450 deinde
379 4389 523 4466 tempore
541 4381 735 4465 procedente
756 4383 940 4464 subegerint
962 4387 995 4448 et
1015 4381 1157 4448 funditus
1174 4380 1356 4462 everterint,
1379 4393 1484 4459 neque

245 4487 351 4572 donia,
382 4505 484 4568 neque
506 4485 687 4570 promissis,
711 4504 814 4566 neque
837 4486 902 4550 ulla
925 4485 1043 4551 aliare
1065 4485 1158 4550 illum.
1177 4483 1296 4550 moveri
1319 4499 1424 4565 posse,
1448 4483 1485 4546 ut

235 4580 384 4660 'desistat
404 4591 445 4659 ab
468 4592 604 4675 incepto,
629 4607 734 4672 neque
758 4589 938 4673 quieturum
962 4589 1063 4658 donec
1077 4581 1187 4657 urbem
1210 4586 1340 4672 ceperit,
1364 4591 1397 4653 et
1417 4600 1484 4650 om·
