<?xml version="1.0" encoding="UTF-8"?>
<!DOCTYPE html PUBLIC "-//W3C//DTD XHTML 1.0 Transitional//EN"
    "http://www.w3.org/TR/xhtml1/DTD/xhtml1-transitional.dtd">
<html xmlns="http://www.w3.org/1999/xhtml" xml:lang="en" lang="en">
 <head>
  <title>
</title>
<meta http-equiv="Content-Type" content="text/html;charset=utf-8" />
  <meta name='ocr-system' content='tesseract 3.04.00' />
  <meta name='ocr-capabilities' content='ocr_page ocr_carea ocr_par ocr_line ocrx_word'/>
</head>
<body>
  <div class='ocr_page' id='page_1' title='image "./documentahistor00ragoog_0055.png"; bbox 0 0 3520 5422; ppageno 0'>
   <div class='ocr_carea' id='block_1_1' title="bbox 159 723 806 887">
    <p class='ocr_par' dir='ltr' id='par_1_1' title="bbox 159 723 806 887">
     <span class='ocr_line' id='line_1_1' title="bbox 754 723 806 793; baseline 0 0"><span class='ocrx_word' id='word_1_1' title='bbox 754 723 806 793; x_wconf 81' lang='grc'><strong>9.</strong></span> 
     </span>
     <span class='ocr_line' id='line_1_2' title="bbox 159 823 315 887; baseline 0.013 -2"><span class='ocrx_word' id='word_1_2' title='bbox 159 823 315 887; x_wconf 62' lang='lat' dir='ltr'><strong>mnam</strong></span> 
     </span>
    </p>
   </div>
   <div class='ocr_carea' id='block_1_2' title="bbox 154 975 1395 1377">
    <p class='ocr_par' dir='ltr' id='par_1_2' title="bbox 159 975 1395 1060">
     <span class='ocr_line' id='line_1_3' title="bbox 159 975 1395 1060; baseline 0.003 -20"><span class='ocrx_word' id='word_1_3' title='bbox 159 975 300 1042; x_wconf 79' lang='lat' dir='ltr'><strong>Ioannee</strong></span> <span class='ocrx_word' id='word_1_4' title='bbox 329 977 420 1044; x_wconf 83' lang='lat' dir='ltr'><em>VIII</em></span> <span class='ocrx_word' id='word_1_5' title='bbox 439 979 621 1044; x_wconf 82' lang='lat' dir='ltr'><strong>Braoirniro</strong></span> <span class='ocrx_word' id='word_1_6' title='bbox 647 979 812 1046; x_wconf 76' lang='lat' dir='ltr'><strong>Cbrootiac</strong></span> <span class='ocrx_word' id='word_1_7' title='bbox 834 980 921 1055; x_wconf 83' lang='lat' dir='ltr'><strong>duci,</strong></span> <span class='ocrx_word' id='word_1_8' title='bbox 944 981 1168 1060; x_wconf 67' lang='lat' dir='ltr'><strong>necatoribus,</strong></span> <span class='ocrx_word' id='word_1_9' title='bbox 1190 980 1344 1045; x_wconf 81' lang='lat' dir='ltr'><strong>iudicibus</strong></span> <span class='ocrx_word' id='word_1_10' title='bbox 1366 988 1395 1044; x_wconf 85' lang='lat' dir='ltr'><strong>et</strong></span> 
     </span>
    </p>

    <p class='ocr_par' dir='ltr' id='par_1_3' title="bbox 154 1081 1392 1169">
     <span class='ocr_line' id='line_1_4' title="bbox 154 1081 1392 1169; baseline 0 -23"><span class='ocrx_word' id='word_1_11' title='bbox 154 1081 274 1165; x_wconf 76' lang='lat' dir='ltr'><strong>populo</strong></span> <span class='ocrx_word' id='word_1_12' title='bbox 296 1083 411 1157; x_wconf 77' lang='lat' dir='ltr'><strong>scribit,</strong></span> <span class='ocrx_word' id='word_1_13' title='bbox 434 1104 466 1148; x_wconf 81' lang='lat' dir='ltr'><strong>sc</strong></span> <span class='ocrx_word' id='word_1_14' title='bbox 487 1103 601 1168; x_wconf 70' lang='lat' dir='ltr'><strong>mayoc</strong></span> <span class='ocrx_word' id='word_1_15' title='bbox 615 1105 682 1148; x_wconf 74' lang='lat' dir='ltr'><strong>oron</strong></span> <span class='ocrx_word' id='word_1_16' title='bbox 697 1085 884 1169; x_wconf 74' lang='lat' dir='ltr'><strong>voluptatem</strong></span> <span class='ocrx_word' id='word_1_17' title='bbox 905 1081 1080 1166; x_wconf 81' lang='lat' dir='ltr'><strong>Ibcodocio,</strong></span> <span class='ocrx_word' id='word_1_18' title='bbox 1104 1085 1231 1148; x_wconf 77' lang='lat' dir='ltr'><strong>nonensi</strong></span> <span class='ocrx_word' id='word_1_19' title='bbox 1246 1085 1392 1168; x_wconf 83' lang='lat' dir='ltr'><strong>episcopo,</strong></span> 
     </span>
    </p>

    <p class='ocr_par' dir='ltr' id='par_1_4' title="bbox 161 1184 1395 1377">
     <span class='ocr_line' id='line_1_5' title="bbox 161 1184 1395 1273; baseline 0.001 -23"><span class='ocrx_word' id='word_1_20' title='bbox 161 1184 199 1250; x_wconf 79' lang='lat' dir='ltr'><strong>de</strong></span> <span class='ocrx_word' id='word_1_21' title='bbox 228 1207 333 1250; x_wconf 77' lang='lat' dir='ltr'><strong>eorum</strong></span> <span class='ocrx_word' id='word_1_22' title='bbox 359 1186 422 1269; x_wconf 80' lang='lat' dir='ltr'><strong>fide</strong></span> <span class='ocrx_word' id='word_1_23' title='bbox 453 1189 610 1252; x_wconf 78' lang='lat' dir='ltr'><strong>audiuisse</strong></span> <span class='ocrx_word' id='word_1_24' title='bbox 615 1211 628 1271; x_wconf 81' lang='lat'><strong>,·</strong></span> <span class='ocrx_word' id='word_1_25' title='bbox 659 1189 773 1273; x_wconf 76' lang='lat' dir='ltr'><strong>lepotoe</strong></span> <span class='ocrx_word' id='word_1_26' title='bbox 803 1189 1101 1272; x_wconf 62' lang='lat' dir='ltr'><strong>adtemtaverit,</strong></span> <span class='ocrx_word' id='word_1_27' title='bbox 1132 1196 1166 1252; x_wconf 86' lang='lat' dir='ltr'><strong>ot</strong></span> <span class='ocrx_word' id='word_1_28' title='bbox 1188 1196 1216 1252; x_wconf 87' lang='lat' dir='ltr'><strong>et</strong></span> <span class='ocrx_word' id='word_1_29' title='bbox 1237 1190 1302 1272; x_wconf 81' lang='lat' dir='ltr'><strong>ipse</strong></span> <span class='ocrx_word' id='word_1_30' title='bbox 1323 1207 1395 1252; x_wconf 80' lang='lat' dir='ltr'><strong>euos</strong></span> 
     </span>
     <span class='ocr_line' id='line_1_6' title="bbox 308 1291 1258 1377; baseline 0.003 -23"><span class='ocrx_word' id='word_1_31' title='bbox 308 1293 426 1376; x_wconf 80' lang='lat' dir='ltr'><strong>missae,</strong></span> <span class='ocrx_word' id='word_1_32' title='bbox 449 1291 560 1377; x_wconf 79' lang='lat' dir='ltr'><strong>quibus</strong></span> <span class='ocrx_word' id='word_1_33' title='bbox 579 1292 756 1375; x_wconf 76' lang='lat' dir='ltr'><strong>fidelitatem</strong></span> <span class='ocrx_word' id='word_1_34' title='bbox 777 1295 971 1377; x_wconf 73' lang='lat' dir='ltr'><em>promittant,</em></span> <span class='ocrx_word' id='word_1_35' title='bbox 995 1291 1037 1356; x_wconf 86' lang='lat' dir='ltr'><strong>od</strong></span> <span class='ocrx_word' id='word_1_36' title='bbox 1059 1311 1108 1356; x_wconf 82' lang='lat' dir='ltr'><strong>coe</strong></span> <span class='ocrx_word' id='word_1_37' title='bbox 1131 1292 1258 1376; x_wconf 76' lang='lat' dir='ltr'><strong>diripot.</strong></span> 
     </span>
    </p>
   </div>
   <div class='ocr_carea' id='block_1_3' title="bbox 135 1448 1401 4776">
    <p class='ocr_par' dir='ltr' id='par_1_5' title="bbox 135 1448 1401 4776">
     <span class='ocr_line' id='line_1_7' title="bbox 205 1448 1392 1534; baseline 0 -20"><span class='ocrx_word' id='word_1_38' title='bbox 205 1449 479 1516; x_wconf 80' lang='lat' dir='ltr'><strong>Excellentissimo</strong></span> <span class='ocrx_word' id='word_1_39' title='bbox 510 1449 578 1514; x_wconf 89' lang='lat' dir='ltr'><strong>uiro</strong></span> <span class='ocrx_word' id='word_1_40' title='bbox 608 1449 812 1529; x_wconf 86' lang='lat' dir='ltr'><strong>Brunimiro,¹</strong></span> <span class='ocrx_word' id='word_1_41' title='bbox 842 1450 978 1534; x_wconf 86' lang='lat' dir='ltr'><strong>glorioso</strong></span> <span class='ocrx_word' id='word_1_42' title='bbox 1009 1449 1114 1514; x_wconf 87' lang='lat' dir='ltr'><strong>comiti</strong></span> <span class='ocrx_word' id='word_1_43' title='bbox 1138 1455 1168 1514; x_wconf 89' lang='lat' dir='ltr'><strong>et</strong></span> <span class='ocrx_word' id='word_1_44' title='bbox 1193 1450 1306 1515; x_wconf 90' lang='lat' dir='ltr'><strong>dilecto</strong></span> <span class='ocrx_word' id='word_1_45' title='bbox 1328 1448 1392 1514; x_wconf 88' lang='lat' dir='ltr'><strong>filio</strong></span> 
     </span>
     <span class='ocr_line' id='line_1_8' title="bbox 161 1554 1394 1637; baseline 0.001 -20"><span class='ocrx_word' id='word_1_46' title='bbox 161 1561 280 1631; x_wconf 89' lang='lat' dir='ltr'><strong>nostro,</strong></span> <span class='ocrx_word' id='word_1_47' title='bbox 305 1561 400 1635; x_wconf 83' lang='lat' dir='ltr'><strong>etque</strong></span> <span class='ocrx_word' id='word_1_48' title='bbox 423 1555 566 1620; x_wconf 84' lang='lat' dir='ltr'><strong>omnibus</strong></span> <span class='ocrx_word' id='word_1_49' title='bbox 583 1555 738 1637; x_wconf 84' lang='lat' dir='ltr'><strong>religiosis</strong></span> <span class='ocrx_word' id='word_1_50' title='bbox 762 1555 977 1621; x_wconf 82' lang='lat' dir='ltr'><strong>sacerdotibus</strong></span> <span class='ocrx_word' id='word_1_51' title='bbox 1001 1563 1033 1620; x_wconf 89' lang='lat' dir='ltr'><strong>et</strong></span> <span class='ocrx_word' id='word_1_52' title='bbox 1054 1554 1291 1620; x_wconf 83' lang='lat' dir='ltr'><strong>honorabilibus</strong></span> <span class='ocrx_word' id='word_1_53' title='bbox 1315 1555 1394 1620; x_wconf 92' lang='lat' dir='ltr'><strong>iudi-</strong></span> 
     </span>
     <span class='ocr_line' id='line_1_9' title="bbox 162 1657 1391 1742; baseline 0 -20"><span class='ocrx_word' id='word_1_54' title='bbox 162 1659 251 1723; x_wconf 86' lang='lat' dir='ltr'><strong>cibus</strong></span> <span class='ocrx_word' id='word_1_55' title='bbox 283 1667 459 1740; x_wconf 87' lang='lat' dir='ltr'><strong>cuoctoque</strong></span> <span class='ocrx_word' id='word_1_56' title='bbox 498 1659 614 1741; x_wconf 88' lang='lat' dir='ltr'><strong>populo</strong></span> <span class='ocrx_word' id='word_1_57' title='bbox 651 1679 712 1741; x_wconf 85' lang='lat' dir='ltr'><strong>pax</strong></span> <span class='ocrx_word' id='word_1_58' title='bbox 742 1666 775 1723; x_wconf 90' lang='lat' dir='ltr'><strong>et</strong></span> <span class='ocrx_word' id='word_1_59' title='bbox 808 1661 911 1742; x_wconf 83' lang='lat' dir='ltr'><strong>gratia</strong></span> <span class='ocrx_word' id='word_1_60' title='bbox 941 1679 960 1724; x_wconf 86' lang='lat' dir='ltr'><strong>o</strong></span> <span class='ocrx_word' id='word_1_61' title='bbox 989 1659 1114 1724; x_wconf 89' lang='lat' dir='ltr'><strong>domino</strong></span> <span class='ocrx_word' id='word_1_62' title='bbox 1143 1659 1223 1724; x_wconf 86' lang='lat' dir='ltr'><strong>Jesu</strong></span> <span class='ocrx_word' id='word_1_63' title='bbox 1254 1657 1391 1724; x_wconf 84' lang='lat' dir='ltr'><strong>Christo.</strong></span> 
     </span>
     <span class='ocr_line' id='line_1_10' title="bbox 163 1761 1395 1845; baseline 0.001 -20"><span class='ocrx_word' id='word_1_64' title='bbox 163 1761 280 1827; x_wconf 80' lang='lat' dir='ltr'><strong>Audita</strong></span> <span class='ocrx_word' id='word_1_65' title='bbox 302 1781 359 1844; x_wconf 87' lang='lat' dir='ltr'><strong>per</strong></span> <span class='ocrx_word' id='word_1_66' title='bbox 381 1762 609 1843; x_wconf 82' lang='lat' dir='ltr'><strong>Theodosium,</strong></span> <span class='ocrx_word' id='word_1_67' title='bbox 641 1764 852 1829; x_wconf 82' lang='lat' dir='ltr'><strong>uenerabilem</strong></span> <span class='ocrx_word' id='word_1_68' title='bbox 876 1764 1056 1845; x_wconf 87' lang='lat' dir='ltr'><strong>episcopum</strong></span> <span class='ocrx_word' id='word_1_69' title='bbox 1090 1773 1247 1841; x_wconf 86' lang='lat' dir='ltr'><strong>uestrum,</strong></span> <span class='ocrx_word' id='word_1_70' title='bbox 1277 1761 1339 1828; x_wconf 89' lang='lat' dir='ltr'><strong>fide</strong></span> <span class='ocrx_word' id='word_1_71' title='bbox 1362 1769 1395 1827; x_wconf 92' lang='lat' dir='ltr'><strong>et</strong></span> 
     </span>
     <span class='ocr_line' id='line_1_11' title="bbox 164 1865 1395 1950; baseline 0 -19"><span class='ocrx_word' id='word_1_72' title='bbox 164 1866 343 1950; x_wconf 88' lang='lat' dir='ltr'><strong>deuotione,</strong></span> <span class='ocrx_word' id='word_1_73' title='bbox 367 1885 460 1948; x_wconf 83' lang='lat' dir='ltr'><strong>quum</strong></span> <span class='ocrx_word' id='word_1_74' title='bbox 483 1868 567 1933; x_wconf 84' lang='lat' dir='ltr'><strong>circe</strong></span> <span class='ocrx_word' id='word_1_75' title='bbox 589 1867 695 1934; x_wconf 91' lang='lat' dir='ltr'><strong>sedem</strong></span> <span class='ocrx_word' id='word_1_76' title='bbox 720 1867 804 1932; x_wconf 82' lang='lat' dir='ltr'><strong>beati</strong></span> <span class='ocrx_word' id='word_1_77' title='bbox 827 1868 914 1932; x_wconf 82' lang='lat' dir='ltr'><strong>Petri</strong></span> <span class='ocrx_word' id='word_1_78' title='bbox 933 1867 1112 1948; x_wconf 82' lang='lat' dir='ltr'><strong>apostolici</strong></span> <span class='ocrx_word' id='word_1_79' title='bbox 1130 1871 1227 1933; x_wconf 84' lang='lat' dir='ltr'><strong>nostri</strong></span> <span class='ocrx_word' id='word_1_80' title='bbox 1246 1865 1395 1949; x_wconf 89' lang='lat' dir='ltr'><strong>pontificii</strong></span> 
     </span>
     <span class='ocr_line' id='line_1_12' title="bbox 163 1971 1394 2054; baseline 0.002 -20"><span class='ocrx_word' id='word_1_81' title='bbox 163 1988 220 2036; x_wconf 91' lang='lat' dir='ltr'><strong>uos</strong></span> <span class='ocrx_word' id='word_1_82' title='bbox 243 1971 363 2037; x_wconf 88' lang='lat' dir='ltr'><strong>babere</strong></span> <span class='ocrx_word' id='word_1_83' title='bbox 386 1973 618 2054; x_wconf 78' lang='lat' dir='ltr'><strong>cognoscimus,</strong></span> <span class='ocrx_word' id='word_1_84' title='bbox 648 1973 817 2038; x_wconf 88' lang='lat' dir='ltr'><strong>immensas</strong></span> <span class='ocrx_word' id='word_1_85' title='bbox 848 1973 907 2038; x_wconf 88' lang='lat' dir='ltr'><strong>deo</strong></span> <span class='ocrx_word' id='word_1_86' title='bbox 937 1973 1055 2053; x_wconf 83' lang='lat' dir='ltr'><strong>gratias</strong></span> <span class='ocrx_word' id='word_1_87' title='bbox 1087 1973 1261 2037; x_wconf 85' lang='lat' dir='ltr'><strong>relerentes</strong></span> <span class='ocrx_word' id='word_1_88' title='bbox 1282 1991 1394 2054; x_wconf 81' lang='lat' dir='ltr'><strong>riiagno</strong></span> 
     </span>
     <span class='ocr_line' id='line_1_13' title="bbox 163 2075 1396 2161; baseline 0.001 -21"><span class='ocrx_word' id='word_1_89' title='bbox 163 2076 280 2158; x_wconf 79' lang='lat' dir='ltr'><strong>gaudio</strong></span> <span class='ocrx_word' id='word_1_90' title='bbox 304 2095 412 2141; x_wconf 85' lang='lat' dir='ltr'><strong>sumus</strong></span> <span class='ocrx_word' id='word_1_91' title='bbox 435 2076 565 2161; x_wconf 86' lang='lat' dir='ltr'><strong>repleti,</strong></span> <span class='ocrx_word' id='word_1_92' title='bbox 602 2078 655 2158; x_wconf 90' lang='lat' dir='ltr'><strong>qui</strong></span> <span class='ocrx_word' id='word_1_93' title='bbox 679 2096 736 2142; x_wconf 91' lang='lat' dir='ltr'><strong>uos</strong></span> <span class='ocrx_word' id='word_1_94' title='bbox 759 2095 839 2141; x_wconf 90' lang='lat' dir='ltr'><strong>nunc</strong></span> <span class='ocrx_word' id='word_1_95' title='bbox 862 2075 1043 2142; x_wconf 84' lang='lat' dir='ltr'><strong>adtentum</strong></span> <span class='ocrx_word' id='word_1_96' title='bbox 1066 2077 1198 2158; x_wconf 80' lang='lat' dir='ltr'><strong>gratiam</strong></span> <span class='ocrx_word' id='word_1_97' title='bbox 1222 2077 1396 2157; x_wconf 85' lang='lat' dir='ltr'><strong>perducere</strong></span> 
     </span>
     <span class='ocr_line' id='line_1_14' title="bbox 164 2179 1395 2262; baseline 0 -17"><span class='ocrx_word' id='word_1_98' title='bbox 164 2187 196 2245; x_wconf 89' lang='lat' dir='ltr'><strong>et</strong></span> <span class='ocrx_word' id='word_1_99' title='bbox 218 2179 302 2244; x_wconf 88' lang='lat' dir='ltr'><strong>inter</strong></span> <span class='ocrx_word' id='word_1_100' title='bbox 324 2198 400 2247; x_wconf 90' lang='lat' dir='ltr'><strong>oues</strong></span> <span class='ocrx_word' id='word_1_101' title='bbox 424 2199 498 2246; x_wconf 85' lang='lat' dir='ltr'><strong>suas</strong></span> <span class='ocrx_word' id='word_1_102' title='bbox 522 2199 747 2247; x_wconf 83' lang='lat' dir='ltr'><strong>connumerare</strong></span> <span class='ocrx_word' id='word_1_103' title='bbox 770 2183 917 2262; x_wconf 76' lang='lat' dir='ltr'><strong>dignatus</strong></span> <span class='ocrx_word' id='word_1_104' title='bbox 941 2186 1005 2257; x_wconf 88' lang='lat' dir='ltr'><strong>est,</strong></span> <span class='ocrx_word' id='word_1_105' title='bbox 1040 2180 1209 2246; x_wconf 87' lang='lat' dir='ltr'><strong>secundum</strong></span> <span class='ocrx_word' id='word_1_106' title='bbox 1234 2181 1316 2260; x_wconf 92' lang='lat' dir='ltr'><strong>quod</strong></span> <span class='ocrx_word' id='word_1_107' title='bbox 1340 2179 1395 2245; x_wconf 91' lang='lat' dir='ltr'><strong>do-</strong></span> 
     </span>
     <span class='ocr_line' id='line_1_15' title="bbox 164 2283 1395 2370; baseline 0.002 -23"><span class='ocrx_word' id='word_1_108' title='bbox 164 2283 268 2350; x_wconf 90' lang='lat' dir='ltr'><strong>minus</strong></span> <span class='ocrx_word' id='word_1_109' title='bbox 294 2285 355 2366; x_wconf 90' lang='lat' dir='ltr'><strong>ipsi</strong></span> <span class='ocrx_word' id='word_1_110' title='bbox 384 2287 516 2368; x_wconf 87' lang='lat' dir='ltr'><strong>principi</strong></span> <span class='ocrx_word' id='word_1_111' title='bbox 546 2285 761 2367; x_wconf 86' lang='lat' dir='ltr'><strong>apostolorum</strong></span> <span class='ocrx_word' id='word_1_112' title='bbox 793 2285 947 2350; x_wconf 87' lang='lat' dir='ltr'><strong>commisit</strong></span> <span class='ocrx_word' id='word_1_113' title='bbox 977 2285 1100 2350; x_wconf 89' lang='lat' dir='ltr'><strong>dicens:</strong></span> <span class='ocrx_word' id='word_1_114' title='bbox 1136 2285 1179 2362; x_wconf 91' lang='lat' dir='ltr'><strong>,si</strong></span> <span class='ocrx_word' id='word_1_115' title='bbox 1209 2285 1313 2366; x_wconf 86' lang='lat' dir='ltr'><strong>diligis</strong></span> <span class='ocrx_word' id='word_1_116' title='bbox 1335 2303 1395 2370; x_wconf 87' lang='lat' dir='ltr'><strong>me,</strong></span> 
     </span>
     <span class='ocr_line' id='line_1_16' title="bbox 165 2387 1397 2472; baseline -0.001 -18"><span class='ocrx_word' id='word_1_117' title='bbox 165 2387 273 2455; x_wconf 88' lang='lat' dir='ltr'><strong>Simon</strong></span> <span class='ocrx_word' id='word_1_118' title='bbox 297 2389 399 2469; x_wconf 87' lang='lat' dir='ltr'><strong>Petre,</strong></span> <span class='ocrx_word' id='word_1_119' title='bbox 424 2409 521 2472; x_wconf 81' lang='lat' dir='ltr'><strong>pasce</strong></span> <span class='ocrx_word' id='word_1_120' title='bbox 544 2407 621 2456; x_wconf 89' lang='lat' dir='ltr'><strong>oues</strong></span> <span class='ocrx_word' id='word_1_121' title='bbox 644 2410 739 2457; x_wconf 88' lang='lat' dir='ltr'><strong>meus.</strong></span> <span class='ocrx_word' id='word_1_122' title='bbox 778 2389 873 2456; x_wconf 84' lang='lat' dir='ltr'><strong>Unde</strong></span> <span class='ocrx_word' id='word_1_123' title='bbox 893 2397 1031 2455; x_wconf 86' lang='lat' dir='ltr'><strong>uestram</strong></span> <span class='ocrx_word' id='word_1_124' title='bbox 1053 2389 1238 2455; x_wconf 82' lang='lat' dir='ltr'><strong>fidelitatem</strong></span> <span class='ocrx_word' id='word_1_125' title='bbox 1261 2396 1294 2455; x_wconf 90' lang='lat' dir='ltr'><strong>et</strong></span> <span class='ocrx_word' id='word_1_126' title='bbox 1316 2389 1397 2455; x_wconf 89' lang='lat' dir='ltr'><strong>chri·</strong></span> 
     </span>
     <span class='ocr_line' id='line_1_17' title="bbox 164 2493 1397 2576; baseline 0.002 -19"><span class='ocrx_word' id='word_1_127' title='bbox 164 2493 388 2560; x_wconf 84' lang='lat' dir='ltr'><strong>stianissimorn</strong></span> <span class='ocrx_word' id='word_1_128' title='bbox 412 2496 612 2560; x_wconf 90' lang='lat' dir='ltr'><strong>deuotionem</strong></span> <span class='ocrx_word' id='word_1_129' title='bbox 636 2495 684 2561; x_wconf 93' lang='lat' dir='ltr'><strong>his</strong></span> <span class='ocrx_word' id='word_1_130' title='bbox 707 2495 823 2561; x_wconf 88' lang='lat' dir='ltr'><strong>nostris</strong></span> <span class='ocrx_word' id='word_1_131' title='bbox 846 2494 1027 2576; x_wconf 85' lang='lat' dir='ltr'><strong>apostolicis</strong></span> <span class='ocrx_word' id='word_1_132' title='bbox 1050 2493 1164 2560; x_wconf 90' lang='lat' dir='ltr'><strong>litteris</strong></span> <span class='ocrx_word' id='word_1_133' title='bbox 1184 2512 1397 2560; x_wconf 81' lang='lat' dir='ltr'><strong>ammonemus</strong></span> 
     </span>
     <span class='ocr_line' id='line_1_18' title="bbox 165 2599 1397 2684; baseline 0 -20"><span class='ocrx_word' id='word_1_134' title='bbox 165 2604 199 2664; x_wconf 89' lang='lat' dir='ltr'><strong>et</strong></span> <span class='ocrx_word' id='word_1_135' title='bbox 221 2599 439 2684; x_wconf 84' lang='lat' dir='ltr'><strong>exhortemur,</strong></span> <span class='ocrx_word' id='word_1_136' title='bbox 469 2607 507 2664; x_wconf 90' lang='lat' dir='ltr'><strong>ut</strong></span> <span class='ocrx_word' id='word_1_137' title='bbox 528 2599 610 2664; x_wconf 88' lang='lat' dir='ltr'><strong>sicut</strong></span> <span class='ocrx_word' id='word_1_138' title='bbox 631 2600 738 2665; x_wconf 86' lang='lat' dir='ltr'><strong>diuina</strong></span> <span class='ocrx_word' id='word_1_139' title='bbox 760 2600 963 2680; x_wconf 87' lang='lat' dir='ltr'><strong>inspiratione</strong></span> <span class='ocrx_word' id='word_1_140' title='bbox 986 2617 1079 2682; x_wconf 84' lang='lat' dir='ltr'><strong>agere</strong></span> <span class='ocrx_word' id='word_1_141' title='bbox 1103 2599 1265 2682; x_wconf 74' lang='lat' dir='ltr'><strong>cooptatio,</strong></span> <span class='ocrx_word' id='word_1_142' title='bbox 1299 2617 1397 2681; x_wconf 89' lang='lat' dir='ltr'><strong>usque</strong></span> 
     </span>
     <span class='ocr_line' id='line_1_19' title="bbox 164 2701 1394 2786; baseline 0 -18"><span class='ocrx_word' id='word_1_143' title='bbox 164 2701 317 2768; x_wconf 83' lang='lat' dir='ltr'><strong>adfinem</strong></span> <span class='ocrx_word' id='word_1_144' title='bbox 332 2701 483 2785; x_wconf 88' lang='lat' dir='ltr'><strong>perficere</strong></span> <span class='ocrx_word' id='word_1_145' title='bbox 500 2709 533 2768; x_wconf 89' lang='lat' dir='ltr'><strong>et</strong></span> <span class='ocrx_word' id='word_1_146' title='bbox 548 2704 717 2770; x_wconf 83' lang='lat' dir='ltr'><strong>obseruare</strong></span> <span class='ocrx_word' id='word_1_147' title='bbox 730 2723 792 2770; x_wconf 92' lang='lat' dir='ltr'><strong>non</strong></span> <span class='ocrx_word' id='word_1_148' title='bbox 804 2704 1079 2786; x_wconf 83' lang='lat' dir='ltr'><strong>praetermittatls;</strong></span> <span class='ocrx_word' id='word_1_149' title='bbox 1103 2711 1258 2784; x_wconf 86' lang='lat' dir='ltr'><strong>quatenus</strong></span> <span class='ocrx_word' id='word_1_150' title='bbox 1271 2705 1323 2784; x_wconf 89' lang='lat' dir='ltr'><strong>qui</strong></span> <span class='ocrx_word' id='word_1_151' title='bbox 1336 2704 1394 2769; x_wconf 94' lang='lat' dir='ltr'><strong>sub</strong></span> 
     </span>
     <span class='ocr_line' id='line_1_20' title="bbox 163 2803 1394 2891; baseline 0 -19"><span class='ocrx_word' id='word_1_152' title='bbox 163 2807 216 2872; x_wconf 82' lang='lat' dir='ltr'><strong>ala</strong></span> <span class='ocrx_word' id='word_1_153' title='bbox 245 2813 278 2873; x_wconf 87' lang='lat' dir='ltr'><strong>et</strong></span> <span class='ocrx_word' id='word_1_154' title='bbox 305 2809 456 2891; x_wconf 87' lang='lat' dir='ltr'><strong>regimine</strong></span> <span class='ocrx_word' id='word_1_155' title='bbox 486 2815 582 2890; x_wconf 86' lang='lat' dir='ltr'><strong>atque</strong></span> <span class='ocrx_word' id='word_1_156' title='bbox 612 2809 795 2875; x_wconf 80' lang='lat' dir='ltr'><strong>defensione</strong></span> <span class='ocrx_word' id='word_1_157' title='bbox 826 2809 911 2874; x_wconf 84' lang='lat' dir='ltr'><strong>beati</strong></span> <span class='ocrx_word' id='word_1_158' title='bbox 941 2809 1027 2874; x_wconf 90' lang='lat' dir='ltr'><strong>Petri</strong></span> <span class='ocrx_word' id='word_1_159' title='bbox 1057 2803 1192 2890; x_wconf 84' lang='lat' dir='ltr'><strong>apostoli</strong></span> <span class='ocrx_word' id='word_1_160' title='bbox 1223 2814 1256 2874; x_wconf 87' lang='lat' dir='ltr'><strong>et</strong></span> <span class='ocrx_word' id='word_1_161' title='bbox 1285 2814 1394 2873; x_wconf 84' lang='lat' dir='ltr'><strong>nostre</strong></span> 
     </span>
     <span class='ocr_line' id='line_1_21' title="bbox 166 2912 1397 2996; baseline 0.002 -20"><span class='ocrx_word' id='word_1_162' title='bbox 166 2917 234 2977; x_wconf 89' lang='lat' dir='ltr'><strong>toto</strong></span> <span class='ocrx_word' id='word_1_163' title='bbox 259 2914 422 2978; x_wconf 82' lang='lat' dir='ltr'><strong>conamine</strong></span> <span class='ocrx_word' id='word_1_164' title='bbox 446 2931 502 2980; x_wconf 90' lang='lat' dir='ltr'><strong>uos</strong></span> <span class='ocrx_word' id='word_1_165' title='bbox 525 2915 663 2980; x_wconf 87' lang='lat' dir='ltr'><strong>subdere</strong></span> <span class='ocrx_word' id='word_1_166' title='bbox 678 2920 773 2995; x_wconf 88' lang='lat' dir='ltr'><strong>atque</strong></span> <span class='ocrx_word' id='word_1_167' title='bbox 788 2916 821 2979; x_wconf 92' lang='lat' dir='ltr'><strong>in</strong></span> <span class='ocrx_word' id='word_1_168' title='bbox 837 2915 904 2979; x_wconf 91' lang='lat' dir='ltr'><strong>eius</strong></span> <span class='ocrx_word' id='word_1_169' title='bbox 921 2914 1050 2979; x_wconf 86' lang='lat' dir='ltr'><strong>seruitio</strong></span> <span class='ocrx_word' id='word_1_170' title='bbox 1066 2933 1280 2996; x_wconf 86' lang='lat' dir='ltr'><strong>perseuerare,</strong></span> <span class='ocrx_word' id='word_1_171' title='bbox 1304 2912 1397 2994; x_wconf 89' lang='lat' dir='ltr'><strong>quasi</strong></span> 
     </span>
     <span class='ocr_line' id='line_1_22' title="bbox 166 3015 1398 3101; baseline 0.001 -19"><span class='ocrx_word' id='word_1_172' title='bbox 166 3017 273 3084; x_wconf 84' lang='lat' dir='ltr'><strong>dilecti</strong></span> <span class='ocrx_word' id='word_1_173' title='bbox 296 3015 360 3098; x_wconf 84' lang='lat' dir='ltr'><strong>dlii,</strong></span> <span class='ocrx_word' id='word_1_174' title='bbox 384 3021 589 3100; x_wconf 85' lang='lat' dir='ltr'><strong>procurastis,</strong></span> <span class='ocrx_word' id='word_1_175' title='bbox 614 3021 754 3101; x_wconf 85' lang='lat' dir='ltr'><strong>apertius</strong></span> <span class='ocrx_word' id='word_1_176' title='bbox 776 3020 836 3083; x_wconf 92' lang='lat' dir='ltr'><strong>hoc</strong></span> <span class='ocrx_word' id='word_1_177' title='bbox 858 3019 1033 3084; x_wconf 83' lang='lat' dir='ltr'><strong>ostendatis</strong></span> <span class='ocrx_word' id='word_1_178' title='bbox 1056 3023 1151 3100; x_wconf 82' lang='lat' dir='ltr'><strong>atque</strong></span> <span class='ocrx_word' id='word_1_179' title='bbox 1173 3019 1339 3100; x_wconf 68' lang='lat' dir='ltr'><strong>impleatis</strong></span> <span class='ocrx_word' id='word_1_180' title='bbox 1363 3025 1398 3083; x_wconf 92' lang='lat' dir='ltr'><strong>ut</strong></span> 
     </span>
     <span class='ocr_line' id='line_1_23' title="bbox 135 3123 1397 3206; baseline 0.004 -23"><span class='ocrx_word' id='word_1_181' title='bbox 135 3123 311 3188; x_wconf 79' lang='lat' dir='ltr'><strong>dominus</strong></span> <span class='ocrx_word' id='word_1_182' title='bbox 334 3123 366 3187; x_wconf 92' lang='lat' dir='ltr'><strong>in</strong></span> <span class='ocrx_word' id='word_1_183' title='bbox 389 3124 552 3206; x_wconf 83' lang='lat' dir='ltr'><strong>euangelio</strong></span> <span class='ocrx_word' id='word_1_184' title='bbox 576 3125 668 3189; x_wconf 85' lang='lat' dir='ltr'><strong>dicit:</strong></span> <span class='ocrx_word' id='word_1_185' title='bbox 703 3124 766 3204; x_wconf 83' lang='lat' dir='ltr'><strong>„sie</strong></span> <span class='ocrx_word' id='word_1_186' title='bbox 796 3124 922 3189; x_wconf 85' lang='lat' dir='ltr'><strong>luceant</strong></span> <span class='ocrx_word' id='word_1_187' title='bbox 950 3141 1048 3205; x_wconf 84' lang='lat' dir='ltr'><strong>opera</strong></span> <span class='ocrx_word' id='word_1_188' title='bbox 1077 3130 1185 3188; x_wconf 88' lang='lat' dir='ltr'><strong>uestra</strong></span> <span class='ocrx_word' id='word_1_189' title='bbox 1213 3141 1318 3188; x_wconf 88' lang='lat' dir='ltr'><strong>coram</strong></span> <span class='ocrx_word' id='word_1_190' title='bbox 1340 3123 1397 3188; x_wconf 89' lang='lat' dir='ltr'><strong>ho·</strong></span> 
     </span>
     <span class='ocr_line' id='line_1_24' title="bbox 165 3226 1396 3312; baseline -0.002 -20"><span class='ocrx_word' id='word_1_191' title='bbox 165 3228 311 3308; x_wconf 89' lang='lat' dir='ltr'><strong>minibus,</strong></span> <span class='ocrx_word' id='word_1_192' title='bbox 336 3235 371 3292; x_wconf 91' lang='lat' dir='ltr'><strong>ut</strong></span> <span class='ocrx_word' id='word_1_193' title='bbox 387 3227 516 3312; x_wconf 81' lang='lat' dir='ltr'><strong>uideant</strong></span> <span class='ocrx_word' id='word_1_194' title='bbox 531 3229 615 3293; x_wconf 85' lang='lat' dir='ltr'><strong>boue</strong></span> <span class='ocrx_word' id='word_1_195' title='bbox 630 3247 727 3309; x_wconf 88' lang='lat' dir='ltr'><strong>opera</strong></span> <span class='ocrx_word' id='word_1_196' title='bbox 742 3235 851 3294; x_wconf 88' lang='lat' dir='ltr'><strong>uestra</strong></span> <span class='ocrx_word' id='word_1_197' title='bbox 867 3235 900 3293; x_wconf 90' lang='lat' dir='ltr'><strong>et</strong></span> <span class='ocrx_word' id='word_1_198' title='bbox 915 3226 1091 3310; x_wconf 82' lang='lat' dir='ltr'><strong>glorificent</strong></span> <span class='ocrx_word' id='word_1_199' title='bbox 1106 3233 1229 3309; x_wconf 85' lang='lat' dir='ltr'><strong>patrem</strong></span> <span class='ocrx_word' id='word_1_200' title='bbox 1246 3234 1396 3310; x_wconf 87' lang='lat' dir='ltr'><strong>uestrum,</strong></span> 
     </span>
     <span class='ocr_line' id='line_1_25' title="bbox 167 3333 1397 3418; baseline 0 -21"><span class='ocrx_word' id='word_1_201' title='bbox 167 3335 219 3414; x_wconf 90' lang='lat' dir='ltr'><strong>qui</strong></span> <span class='ocrx_word' id='word_1_202' title='bbox 243 3335 275 3397; x_wconf 91' lang='lat' dir='ltr'><strong>in</strong></span> <span class='ocrx_word' id='word_1_203' title='bbox 299 3333 396 3398; x_wconf 85' lang='lat' dir='ltr'><strong>caelis</strong></span> <span class='ocrx_word' id='word_1_204' title='bbox 419 3337 505 3418; x_wconf 83' lang='lat' dir='ltr'><strong>est“;</strong></span> <span class='ocrx_word' id='word_1_205' title='bbox 529 3342 562 3399; x_wconf 87' lang='lat' dir='ltr'><strong>et</strong></span> <span class='ocrx_word' id='word_1_206' title='bbox 577 3335 672 3399; x_wconf 81' lang='lat' dir='ltr'><strong>utita</strong></span> <span class='ocrx_word' id='word_1_207' title='bbox 687 3333 746 3399; x_wconf 91' lang='lat' dir='ltr'><strong>boc</strong></span> <span class='ocrx_word' id='word_1_208' title='bbox 761 3352 818 3415; x_wconf 90' lang='lat' dir='ltr'><strong>per</strong></span> <span class='ocrx_word' id='word_1_209' title='bbox 841 3335 947 3400; x_wconf 86' lang='lat' dir='ltr'><strong>orbem</strong></span> <span class='ocrx_word' id='word_1_210' title='bbox 971 3339 1128 3398; x_wconf 82' lang='lat' dir='ltr'><strong>terrerum</strong></span> <span class='ocrx_word' id='word_1_211' title='bbox 1152 3337 1280 3397; x_wconf 81' lang='lat' dir='ltr'><strong>uestrae</strong></span> <span class='ocrx_word' id='word_1_212' title='bbox 1303 3349 1397 3413; x_wconf 90' lang='lat' dir='ltr'><strong>spon-</strong></span> 
     </span>
     <span class='ocr_line' id='line_1_26' title="bbox 167 3437 1397 3521; baseline -0.001 -20"><span class='ocrx_word' id='word_1_213' title='bbox 167 3439 264 3502; x_wconf 91' lang='lat' dir='ltr'><strong>sionis</strong></span> <span class='ocrx_word' id='word_1_214' title='bbox 288 3437 394 3521; x_wconf 87' lang='lat' dir='ltr'><strong>(opus)</strong></span> <span class='ocrx_word' id='word_1_215' title='bbox 411 3437 598 3516; x_wconf 81' lang='lat' dir='ltr'><strong>diffametur,</strong></span> <span class='ocrx_word' id='word_1_216' title='bbox 623 3445 658 3503; x_wconf 88' lang='lat' dir='ltr'><strong>ut</strong></span> <span class='ocrx_word' id='word_1_217' title='bbox 678 3438 848 3504; x_wconf 81' lang='lat' dir='ltr'><strong>auxiliante</strong></span> <span class='ocrx_word' id='word_1_218' title='bbox 866 3439 990 3502; x_wconf 88' lang='lat' dir='ltr'><strong>domino</strong></span> <span class='ocrx_word' id='word_1_219' title='bbox 1014 3445 1047 3502; x_wconf 90' lang='lat' dir='ltr'><strong>et</strong></span> <span class='ocrx_word' id='word_1_220' title='bbox 1069 3442 1249 3502; x_wconf 85' lang='lat' dir='ltr'><strong>sanctorum</strong></span> <span class='ocrx_word' id='word_1_221' title='bbox 1271 3441 1397 3518; x_wconf 86' lang='lat' dir='ltr'><strong>aposto-</strong></span> 
     </span>
     <span class='ocr_line' id='line_1_27' title="bbox 165 3540 1398 3625; baseline -0.002 -19"><span class='ocrx_word' id='word_1_222' title='bbox 165 3543 267 3608; x_wconf 87' lang='lat' dir='ltr'><strong>lorum</strong></span> <span class='ocrx_word' id='word_1_223' title='bbox 300 3541 545 3625; x_wconf 82' lang='lat' dir='ltr'><strong>suffragantibus</strong></span> <span class='ocrx_word' id='word_1_224' title='bbox 576 3543 695 3609; x_wconf 88' lang='lat' dir='ltr'><strong>meritis</strong></span> <span class='ocrx_word' id='word_1_225' title='bbox 727 3563 783 3623; x_wconf 83' lang='lat' dir='ltr'><strong>ee,</strong></span> <span class='ocrx_word' id='word_1_226' title='bbox 813 3561 894 3624; x_wconf 85' lang='lat' dir='ltr'><strong>quae</strong></span> <span class='ocrx_word' id='word_1_227' title='bbox 923 3542 1018 3608; x_wconf 84' lang='lat' dir='ltr'><strong>saluti</strong></span> <span class='ocrx_word' id='word_1_228' title='bbox 1046 3549 1079 3607; x_wconf 91' lang='lat' dir='ltr'><strong>et</strong></span> <span class='ocrx_word' id='word_1_229' title='bbox 1109 3540 1237 3606; x_wconf 82' lang='lat' dir='ltr'><strong>utilitati</strong></span> <span class='ocrx_word' id='word_1_230' title='bbox 1260 3541 1398 3606; x_wconf 89' lang='lat' dir='ltr'><strong>omnium</strong></span> 
     </span>
     <span class='ocr_line' id='line_1_28' title="bbox 166 3620 1397 3730; baseline -0.001 -20"><span class='ocrx_word' id='word_1_231' title='bbox 166 3655 309 3713; x_wconf 86' lang='lat' dir='ltr'><strong>uestrum</strong></span> <span class='ocrx_word' id='word_1_232' title='bbox 324 3645 465 3729; x_wconf 89' lang='lat' dir='ltr'><strong>proficua</strong></span> <span class='ocrx_word' id='word_1_233' title='bbox 480 3655 563 3727; x_wconf 89' lang='lat' dir='ltr'><strong>sunt,</strong></span> <span class='ocrx_word' id='word_1_234' title='bbox 586 3620 742 3730; x_wconf 89' lang='lat' dir='ltr'><strong>possiinus</strong></span> <span class='ocrx_word' id='word_1_235' title='bbox 759 3648 797 3712; x_wconf 83' lang='lat' dir='ltr'><strong>ed</strong></span> <span class='ocrx_word' id='word_1_236' title='bbox 813 3647 965 3713; x_wconf 90' lang='lat' dir='ltr'><strong>bonorem</strong></span> <span class='ocrx_word' id='word_1_237' title='bbox 981 3653 1014 3712; x_wconf 91' lang='lat' dir='ltr'><strong>et</strong></span> <span class='ocrx_word' id='word_1_238' title='bbox 1029 3646 1252 3712; x_wconf 86' lang='lat' dir='ltr'><strong>exultationem</strong></span> <span class='ocrx_word' id='word_1_239' title='bbox 1269 3651 1397 3709; x_wconf 84' lang='lat' dir='ltr'><strong>sanctae</strong></span> 
     </span>
     <span class='ocr_line' id='line_1_29' title="bbox 168 3749 1399 3834; baseline -0.002 -17"><span class='ocrx_word' id='word_1_240' title='bbox 168 3751 253 3818; x_wconf 92' lang='lat' dir='ltr'><strong>sedis</strong></span> <span class='ocrx_word' id='word_1_241' title='bbox 276 3752 469 3834; x_wconf 77' lang='lat' dir='ltr'><strong>apostolieae</strong></span> <span class='ocrx_word' id='word_1_242' title='bbox 492 3754 712 3818; x_wconf 78' lang='lat' dir='ltr'><strong>incunctanter</strong></span> <span class='ocrx_word' id='word_1_243' title='bbox 731 3749 898 3833; x_wconf 84' lang='lat' dir='ltr'><strong>perficere;</strong></span> <span class='ocrx_word' id='word_1_244' title='bbox 921 3753 1002 3816; x_wconf 88' lang='lat' dir='ltr'><strong>sicut</strong></span> <span class='ocrx_word' id='word_1_245' title='bbox 1018 3751 1142 3816; x_wconf 90' lang='lat' dir='ltr'><strong>nomine</strong></span> <span class='ocrx_word' id='word_1_246' title='bbox 1156 3755 1263 3816; x_wconf 89' lang='lat' dir='ltr'><strong>uestro</strong></span> <span class='ocrx_word' id='word_1_247' title='bbox 1281 3749 1399 3831; x_wconf 82' lang='lat' dir='ltr'><strong>scripte</strong></span> 
     </span>
     <span class='ocr_line' id='line_1_30' title="bbox 166 3845 1397 3940; baseline -0.005 -18"><span class='ocrx_word' id='word_1_248' title='bbox 166 3857 258 3922; x_wconf 89' lang='lat' dir='ltr'><strong>nobis</strong></span> <span class='ocrx_word' id='word_1_249' title='bbox 289 3857 477 3940; x_wconf 80' lang='lat' dir='ltr'><strong>urendastis,</strong></span> <span class='ocrx_word' id='word_1_250' title='bbox 512 3858 557 3922; x_wconf 83' lang='lat' dir='ltr'><strong>ita</strong></span> <span class='ocrx_word' id='word_1_251' title='bbox 587 3858 619 3921; x_wconf 89' lang='lat' dir='ltr'><strong>in</strong></span> <span class='ocrx_word' id='word_1_252' title='bbox 649 3845 729 3922; x_wconf 87' lang='lat' dir='ltr'><strong>libro</strong></span> <span class='ocrx_word' id='word_1_253' title='bbox 762 3856 890 3922; x_wconf 84' lang='lat' dir='ltr'><strong>caelesti</strong></span> <span class='ocrx_word' id='word_1_254' title='bbox 922 3857 1038 3937; x_wconf 82' lang='lat' dir='ltr'><strong>scripte</strong></span> <span class='ocrx_word' id='word_1_255' title='bbox 1068 3855 1158 3920; x_wconf 91' lang='lat' dir='ltr'><strong>uobis</strong></span> <span class='ocrx_word' id='word_1_256' title='bbox 1183 3859 1397 3935; x_wconf 80' lang='lat' dir='ltr'><strong>permaneant.</strong></span> 
     </span>
     <span class='ocr_line' id='line_1_31' title="bbox 168 3960 1398 4044; baseline -0.004 -17"><span class='ocrx_word' id='word_1_257' title='bbox 168 3960 371 4044; x_wconf 84' lang='lat' dir='ltr'><strong>Quapropter</strong></span> <span class='ocrx_word' id='word_1_258' title='bbox 393 3962 585 4040; x_wconf 83' lang='lat' dir='ltr'><strong>mandamus,</strong></span> <span class='ocrx_word' id='word_1_259' title='bbox 611 3969 646 4026; x_wconf 93' lang='lat' dir='ltr'><strong>ut</strong></span> <span class='ocrx_word' id='word_1_260' title='bbox 669 3967 849 4028; x_wconf 84' lang='lat' dir='ltr'><strong>reuertente</strong></span> <span class='ocrx_word' id='word_1_261' title='bbox 869 3961 908 4025; x_wconf 84' lang='lat' dir='ltr'><strong>ad</strong></span> <span class='ocrx_word' id='word_1_262' title='bbox 924 3980 981 4026; x_wconf 88' lang='lat' dir='ltr'><strong>uos</strong></span> <span class='ocrx_word' id='word_1_263' title='bbox 998 3961 1110 4024; x_wconf 88' lang='lat' dir='ltr'><strong>dilecto</strong></span> <span class='ocrx_word' id='word_1_264' title='bbox 1129 3961 1276 4042; x_wconf 88' lang='lat' dir='ltr'><strong>episcopo</strong></span> <span class='ocrx_word' id='word_1_265' title='bbox 1292 3965 1398 4024; x_wconf 87' lang='lat' dir='ltr'><strong>uestro</strong></span> 
     </span>
     <span class='ocr_line' id='line_1_32' title="bbox 166 4065 1399 4149; baseline -0.004 -17"><span class='ocrx_word' id='word_1_266' title='bbox 166 4067 297 4132; x_wconf 90' lang='lat' dir='ltr'><strong>idoneos</strong></span> <span class='ocrx_word' id='word_1_267' title='bbox 320 4065 443 4149; x_wconf 84' lang='lat' dir='ltr'><strong>legatos</strong></span> <span class='ocrx_word' id='word_1_268' title='bbox 466 4067 857 4149; x_wconf 86' lang='lat' dir='ltr'><strong>uestrospraesentialiter</strong></span> <span class='ocrx_word' id='word_1_269' title='bbox 877 4065 918 4130; x_wconf 91' lang='lat' dir='ltr'><strong>ad</strong></span> <span class='ocrx_word' id='word_1_270' title='bbox 940 4085 997 4130; x_wconf 90' lang='lat' dir='ltr'><strong>nos</strong></span> <span class='ocrx_word' id='word_1_271' title='bbox 1014 4065 1149 4146; x_wconf 83' lang='lat' dir='ltr'><strong>dirigere</strong></span> <span class='ocrx_word' id='word_1_272' title='bbox 1173 4083 1235 4129; x_wconf 90' lang='lat' dir='ltr'><strong>uon</strong></span> <span class='ocrx_word' id='word_1_273' title='bbox 1258 4070 1399 4146; x_wconf 83' lang='lat' dir='ltr'><strong>praeter·</strong></span> 
     </span>
     <span class='ocr_line' id='line_1_33' title="bbox 166 4167 1399 4256; baseline -0.003 -20"><span class='ocrx_word' id='word_1_274' title='bbox 166 4171 309 4256; x_wconf 84' lang='lat' dir='ltr'><strong>mittatis,</strong></span> <span class='ocrx_word' id='word_1_275' title='bbox 335 4172 387 4253; x_wconf 90' lang='lat' dir='ltr'><strong>qui</strong></span> <span class='ocrx_word' id='word_1_276' title='bbox 411 4189 469 4253; x_wconf 92' lang='lat' dir='ltr'><strong>pro</strong></span> <span class='ocrx_word' id='word_1_277' title='bbox 492 4177 582 4253; x_wconf 85' lang='lat' dir='ltr'><strong>parte</strong></span> <span class='ocrx_word' id='word_1_278' title='bbox 605 4172 743 4236; x_wconf 91' lang='lat' dir='ltr'><strong>omnium</strong></span> <span class='ocrx_word' id='word_1_279' title='bbox 766 4177 908 4236; x_wconf 87' lang='lat' dir='ltr'><strong>uestrum</strong></span> <span class='ocrx_word' id='word_1_280' title='bbox 931 4189 988 4234; x_wconf 89' lang='lat' dir='ltr'><strong>nos</strong></span> <span class='ocrx_word' id='word_1_281' title='bbox 1012 4178 1045 4235; x_wconf 89' lang='lat' dir='ltr'><strong>et</strong></span> <span class='ocrx_word' id='word_1_282' title='bbox 1067 4169 1174 4235; x_wconf 90' lang='lat' dir='ltr'><strong>sedem</strong></span> <span class='ocrx_word' id='word_1_283' title='bbox 1193 4167 1399 4250; x_wconf 85' lang='lat' dir='ltr'><strong>apostolicum</strong></span> 
     </span>
     <span class='ocr_line' id='line_1_34' title="bbox 167 4271 1399 4356; baseline -0.005 -14"><span class='ocrx_word' id='word_1_284' title='bbox 167 4275 343 4342; x_wconf 85' lang='lat' dir='ltr'><strong>certificent</strong></span> <span class='ocrx_word' id='word_1_285' title='bbox 367 4276 406 4342; x_wconf 91' lang='lat' dir='ltr'><strong>de</strong></span> <span class='ocrx_word' id='word_1_286' title='bbox 427 4275 486 4355; x_wconf 89' lang='lat' dir='ltr'><strong>bis,</strong></span> <span class='ocrx_word' id='word_1_287' title='bbox 521 4295 601 4356; x_wconf 86' lang='lat' dir='ltr'><strong>quae</strong></span> <span class='ocrx_word' id='word_1_288' title='bbox 623 4275 811 4354; x_wconf 82' lang='lat' dir='ltr'><strong>mandastis3</strong></span> <span class='ocrx_word' id='word_1_289' title='bbox 842 4281 878 4340; x_wconf 86' lang='lat' dir='ltr'><strong>ut</strong></span> <span class='ocrx_word' id='word_1_290' title='bbox 900 4281 932 4340; x_wconf 86' lang='lat' dir='ltr'><strong>et</strong></span> <span class='ocrx_word' id='word_1_291' title='bbox 955 4293 1012 4339; x_wconf 92' lang='lat' dir='ltr'><strong>nos</strong></span> <span class='ocrx_word' id='word_1_292' title='bbox 1035 4275 1165 4338; x_wconf 89' lang='lat' dir='ltr'><strong>missum</strong></span> <span class='ocrx_word' id='word_1_293' title='bbox 1188 4279 1330 4339; x_wconf 84' lang='lat' dir='ltr'><strong>nostmm</strong></span> <span class='ocrx_word' id='word_1_294' title='bbox 1353 4271 1399 4336; x_wconf 92' lang='lat' dir='ltr'><strong>di·</strong></span> 
     </span>
     <span class='ocr_line' id='line_1_35' title="bbox 168 4376 1399 4465; baseline -0.006 -18"><span class='ocrx_word' id='word_1_295' title='bbox 168 4383 309 4465; x_wconf 81' lang='lat' dir='ltr'><strong>rigemus</strong></span> <span class='ocrx_word' id='word_1_296' title='bbox 324 4381 365 4446; x_wconf 83' lang='lat' dir='ltr'><strong>nd</strong></span> <span class='ocrx_word' id='word_1_297' title='bbox 380 4400 448 4460; x_wconf 84' lang='lat' dir='ltr'><strong>uos,</strong></span> <span class='ocrx_word' id='word_1_298' title='bbox 473 4381 586 4462; x_wconf 90' lang='lat' dir='ltr'><strong>quibus</strong></span> <span class='ocrx_word' id='word_1_299' title='bbox 608 4381 777 4447; x_wconf 86' lang='lat' dir='ltr'><strong>secundum</strong></span> <span class='ocrx_word' id='word_1_300' title='bbox 794 4397 914 4445; x_wconf 89' lang='lat' dir='ltr'><strong>morem</strong></span> <span class='ocrx_word' id='word_1_301' title='bbox 929 4387 961 4445; x_wconf 90' lang='lat' dir='ltr'><strong>et</strong></span> <span class='ocrx_word' id='word_1_302' title='bbox 976 4379 1232 4444; x_wconf 84' lang='lat' dir='ltr'><strong>consuetudinem</strong></span> <span class='ocrx_word' id='word_1_303' title='bbox 1247 4376 1399 4444; x_wconf 81' lang='lat' dir='ltr'><strong>ecclesiae</strong></span> 
     </span>
     <span class='ocr_line' id='line_1_36' title="bbox 168 4473 1401 4567; baseline -0.005 -17"><span class='ocrx_word' id='word_1_304' title='bbox 168 4491 297 4552; x_wconf 80' lang='lat' dir='ltr'><strong>nostrae</strong></span> <span class='ocrx_word' id='word_1_305' title='bbox 332 4473 500 4554; x_wconf 85' lang='lat' dir='ltr'><strong>uniuersus</strong></span> <span class='ocrx_word' id='word_1_306' title='bbox 535 4485 669 4567; x_wconf 90' lang='lat' dir='ltr'><strong>populus</strong></span> <span class='ocrx_word' id='word_1_307' title='bbox 702 4491 811 4550; x_wconf 85' lang='lat' dir='ltr'><strong>uester</strong></span> <span class='ocrx_word' id='word_1_308' title='bbox 845 4483 1031 4549; x_wconf 84' lang='lat' dir='ltr'><strong>fidelitatem</strong></span> <span class='ocrx_word' id='word_1_309' title='bbox 1063 4484 1235 4565; x_wconf 87' lang='lat' dir='ltr'><strong>promittat.</strong></span> <span class='ocrx_word' id='word_1_310' title='bbox 1270 4479 1401 4546; x_wconf 88' lang='lat' dir='ltr'><strong>Interim</strong></span> 
     </span>
     <span class='ocr_line' id='line_1_37' title="bbox 168 4584 1401 4672; baseline -0.005 -16"><span class='ocrx_word' id='word_1_311' title='bbox 168 4609 341 4670; x_wconf 84' lang='lat' dir='ltr'><strong>monemus,</strong></span> <span class='ocrx_word' id='word_1_312' title='bbox 362 4597 398 4655; x_wconf 91' lang='lat' dir='ltr'><strong>ut</strong></span> <span class='ocrx_word' id='word_1_313' title='bbox 413 4596 594 4656; x_wconf 83' lang='lat' dir='ltr'><strong>constanter</strong></span> <span class='ocrx_word' id='word_1_314' title='bbox 610 4591 830 4672; x_wconf 75' lang='lat' dir='ltr'><strong>permanentia,</strong></span> <span class='ocrx_word' id='word_1_315' title='bbox 848 4589 1162 4670; x_wconf 85' lang='lat' dir='ltr'><strong>quoniam-scriptum</strong></span> <span class='ocrx_word' id='word_1_316' title='bbox 1177 4591 1244 4652; x_wconf 87' lang='lat' dir='ltr'><strong>est:</strong></span> <span class='ocrx_word' id='word_1_317' title='bbox 1270 4584 1401 4664; x_wconf 88' lang='lat' dir='ltr'><strong>,melius</strong></span> 
     </span>
     <span class='ocr_line' id='line_1_38' title="bbox 169 4685 1400 4776; baseline -0.008 -14"><span class='ocrx_word' id='word_1_318' title='bbox 169 4701 220 4762; x_wconf 89' lang='lat' dir='ltr'><strong>est</strong></span> <span class='ocrx_word' id='word_1_319' title='bbox 242 4703 352 4760; x_wconf 90' lang='lat' dir='ltr'><strong>uotum</strong></span> <span class='ocrx_word' id='word_1_320' title='bbox 374 4715 436 4762; x_wconf 90' lang='lat' dir='ltr'><strong>non</strong></span> <span class='ocrx_word' id='word_1_321' title='bbox 459 4715 598 4772; x_wconf 88' lang='lat' dir='ltr'><strong>uouere,</strong></span> <span class='ocrx_word' id='word_1_322' title='bbox 632 4714 726 4776; x_wconf 82' lang='lat' dir='ltr'><strong>quern</strong></span> <span class='ocrx_word' id='word_1_323' title='bbox 750 4701 824 4776; x_wconf 86' lang='lat' dir='ltr'><strong>post</strong></span> <span class='ocrx_word' id='word_1_324' title='bbox 846 4701 954 4759; x_wconf 89' lang='lat' dir='ltr'><strong>uotum</strong></span> <span class='ocrx_word' id='word_1_325' title='bbox 977 4692 1131 4773; x_wconf 85' lang='lat' dir='ltr'><strong>promissa</strong></span> <span class='ocrx_word' id='word_1_326' title='bbox 1154 4709 1216 4758; x_wconf 91' lang='lat' dir='ltr'><strong>non</strong></span> <span class='ocrx_word' id='word_1_327' title='bbox 1237 4685 1400 4771; x_wconf 80' lang='lat' dir='ltr'><strong>impiere“.</strong></span> 
     </span>
    </p>
   </div>
   <div class='ocr_carea' id='block_1_4' title="bbox 0 0 1774 5422">
    <p class='ocr_par' dir='ltr' id='par_1_6' title="bbox 0 0 1774 5422">
     <span class='ocr_line' id='line_1_39' title="bbox 0 0 1774 5422; baseline 0 0"><span class='ocrx_word' id='word_1_328' title='bbox 0 0 1774 5422; x_wconf 95' lang='lat' dir='ltr'><strong> </strong></span> 
     </span>
    </p>
   </div>
  </div>
 </body>
</html>
