3602 5304
347 283 406 343 176

342 486 449 550 lintris
473 484 541 552 eius
564 487 584 566 Ι
606 485 756 551 Petrinus
777 484 904 550 Andree
926 485 981 550 filii
1004 435 1037 552 et
1058 485 1193 551 filiorum
1217 486 1295 550 eius.
1331 486 1350 567 Ι
1373 484 1470 550 Medii
1494 483 1586 565 Zulle

227 661 230 668 Ι
343 587 400 653 lilii
422 594 456 654 et
477 596 627 671 nepotum
650 591 727 655 eius.
750 589 770 670 †
792 588 885 668 Dede
907 595 941 656 et
963 593 1113 671 nepotum
1132 606 1169 654 cc
1187 587 1324 654 filiorum
1345 589 1424 654 eius.
1446 589 1467 672 †
1489 589 1588 654 Filio·

343 710 412 755 rurn
436 691 542 756 domni
564 692 665 771 Pauli,
689 699 722 757 et
744 692 883 758 omnium
906 710 1071 773 procerum
1095 692 1251 757 communi
1274 693 1376 774 signo.

429 799 601 858 Membrana
616 797 738 858 forsitan
753 800 913 876 originalis,
940 799 994 857 litt.
1011 798 1130 874 longob.
1147 799 1176 858 in
1191 799 1356 859 archivoe.
1372 817 1397 857 r.
1415 799 1529 858 consilii
1545 799 1588 859 lo·

386 889 473 945 comt.
486 884 630 944 Jaderse:
643 885 753 946 Actus.
767 883 952 962 Chrysogoni
964 885 1109 965 messoA
1120 904 1201 946 cane.
1214 887 1237 962 Ι,
1249 904 1294 944 nr
1307 888 1335 946 2.
1347 887 1382 944 In
1392 884 1449 945 fine
1461 885 1587 945 chartae

386 971 445 1030 alis
467 989 554 1029 manu
569 976 599 1030 et
614 971 790 1046 pallidioris
790 975 936 1030 tremente
949 969 1095 1031 additum:
1115 971 1209 1054 ,ΙΙΙ
1194 990 1229 1031 νο
1246 971 1327 1032 (trev
1307 972 1411 1047 gorjue
1423 972 1584 1047 epiecopus

387 1057 463 1115 hanc
479 1058 696 1116 concessionem
713 1052 882 1117 confirmo“.
911 1057 1075 1132 Gregorius
1089 1058 1218 1119 luderes
1234 1059 1391 1134 episeopus
1408 1075 1584 1117 commemo·

388 1144 513 1200 rotnrrn
531 1144 647 1202 sedec.
668 1141 969 1204 1105—1111.00d
987 1144 1058 1218 dipl.
1076 1145 1159 1205 OSD.
1178 1145 1217 1216 11,
1237 1145 1374 1204 11-16.

431 1228 594 1305 ForlutiV,
612 1231 662 1290 52.
680 1227 753 1288 Ood
769 1228 841 1304 dipl
858 1228 942 1288 osi).
958 1230 983 1307 I,
1003 1231 1074 1289 186.

387 1327 469 1381 ΙΙοοο
488 1327 522 1380 ΙΙ.
595 1328 714 1381 ¹.Gonst
733 1327 830 1396 porph
849 1326 882 1381 de
901 1327 996 1382 adm,
989 1344 1051 1420 nnp.
1072 1345 1095 1382 ο
1119 1332 1161 1398 29,
1180 1346 1208 1398 p.
1229 1331 1278 1383 1⁴0
1296 1328 1337 1384 ed.
1363 1329 1452 1383 Bonn.
1477 1327 1589 1384 sdducit

347 1429 454 1480 qnoque
482 1402 537 1482 ,εἰς
553 1397 649 1484 ἕτερον
665 1397 760 1467 νησίον
782 1399 819 1459 τὸ
842 1395 1101 1484 Λουμβρικάτονιι.
1123 1415 1358 1485 ,Lumbrieatum“
1381 1415 1435 1469 erit
1452 1415 1588 1472 Johcnuie

344 1499 450 1554 diaconi
468 1499 571 1566 (chron.
591 1505 677 1554 venet.
698 1501 791 1554 Portu:
811 1499 910 1569 Script.
934 1499 1024 1556 Germ.
1043 1499 1102 1568 vii,
1122 1497 1168 1569 32)
1189 1501 1357 1570 ,Lerigrudu
1374 1500 1490 1571 incolat
1515 1517 1590 1556 nrruo

343 1585 469 1654 Vergsdc
485 1587 592 1641 insulse
612 1585 728 1641 Posman
747 1585 782 1640 ud
800 1585 947 1641 meridiem.

909 1764 1040 1837 135.

346 1869 409 1930 lle.
426 1869 483 1929 litt.

345 1981 438 2064 ΝοΙο,
461 1981 611 2068 quomodo
633 1979 741 2044 Motus
762 1978 858 2042 obbae
876 1980 1069 2044 territorium
1083 1981 1264 2045 nonasterii
1286 2001 1311 2044 s
1338 1977 1565 2064 Clrrpuoporri'
1551 2001 1587 2044 err

567 2067 674 2132 incula
699 2065 881 2130 Pootimorro
903 2074 1013 2132 couno
1032 2068 1190 2131 invasores
1213 2066 1362 2146 defendit.

390 2179 556 2262 Tempore,
581 2197 643 2261 qno
668 2179 773 2243 Maius
797 2179 930 2245 cenobio
952 2179 1039 2244 beuti
1015 2176 1270 2262 tGhrisogoni¹
1294 2179 1393 2244 ubbos
1415 2185 1497 2262 eret,
1519 2179 1591 2246 fue·
1624 2197 1628 2203 ·

346 2291 421 2348 runt
443 2285 580 2366 quidam,
605 2284 658 2364 qui
681 2283 714 2347 ui
736 2281 888 2348 uolebant
911 2283 952 2348 de
974 2281 1153 2363 territoriis,
1177 2301 1239 2363 que
1260 2287 1335 2346 sunt
1357 2281 1388 2346 iu
1406 2283 1510 2348 insule
1526 2283 1589 2348 Pu·

345 2388 482 2464 stinrani,
507 2407 568 2469 que
592 2386 725 2453 dederet
752 2387 920 2468 episeopus
951 2387 1152 2452 Prostancius
1184 2404 1255 2452 oum
1284 2385 1385 2451 fratre
1414 2405 1472 2454 suo
1504 2385 1590 2453 Maio

344 2493 439 2557 beato
464 2489 671 2573 Chrisogono‚
696 2496 819 2572 partem
843 2490 903 2555 sibi
925 2507 1079 2571 usurpare
1110 2495 1144 2556 et
1175 2490 1238 2556 iam
1260 2497 1412 2572 ceperant
1434 2490 1478 2555 ibi
1501 2490 1590 2556 lubo-

346 2615 430 2660 rore.
454 2595 620 2659 Prediotus
644 2599 751 2658 autem
774 2592 874 2659 obbas
905 2592 965 2658 hee
988 2600 1023 2658 ut
1045 2593 1134 2673 uidit,
1166 2593 1261 2659 ualde
1292 2595 1499 2659 contristatus
1520 2601 1588 2679 est,

347 2703 381 2764 ot
403 2699 533 2766 oonsilio
565 2698 643 2764 inito
673 2715 742 2762 cunr
773 2697 935 2763 monachis
963 2697 1029 2762 suis
1059 2695 1215 2778 quosdam
1242 2697 1364 2763 nobiles
1380 2699 1470 2762 uiros
1485 2698 1588 2764 iodre

346 2803 430 2868 tinos
453 2803 528 2866 illuc
550 2820 655 2866 seeum
679 2801 790 2866 uenire
813 2802 957 2882 rogauit3
979 2806 1076 2886 stoue
1099 2801 1247 2866 nauicula
1278 2818 1410 2866 escenso
1440 2818 1511 2866 eum
1542 2803 1590 2867 eis

346 2913 473 2970 etcum
496 2905 657 2970 monachis
681 2904 746 2970 suis
768 2903 844 2969 illuc
866 2905 1020 2986 peruenit.
1044 2905 1087 2970 Et
1110 2921 1183 2970 ecce
1207 2904 1300 2987 (eos),
1324 2904 1395 2986 qui⁸
1416 2905 1480 2970 iam
1495 2922 1588 2986 oepe-

345 3015 417 3074 runt
439 3009 518 3076 fines
540 3009 692 3074 territorii
716 3009 817 3073 saneti
842 3007 1029 3090 chrisogoni
1052 3008 1214 3088 laborare,
1238 3005 1343 3074 loreas
1372 3005 1587 3094 e(li)minuuit,

345 3131 404 3178 nec
426 3133 488 3178 non
510 3131 579 3178 cum
603 3111 732 3177 decreto
755 3112 880 3178 illorum
904 3110 1054 3178 nobilium
1078 3116 1111 3178 et
1132 3110 1368 3176 collaudacione
1391 3130 1500 3177 eorum
1523 3113 1588 3178 col-

345 3216 480 3281 lonelles
505 3216 572 3280 siue
596 3231 748 3299 aceruos.
764 3217 819 3296 qui
843 3215 970 3280 luerent
992 3214 1032 3280 ab
1055 3215 1257 3281 inuasoribus
1280 3214 1439 3278 immuroti
1461 3214 1513 3279 uel
1530 3215 1585 3282 dc

345 3320 486 3398 structi,⁴
508 3319 562 3384 ubi
588 3319 676 3402 prins
699 3325 864 3396 steterant,
889 3325 1070 3384 erexerunt.
1094 3317 1139 3383 Et
1159 3318 1304 3383 terminis
1328 3317 1471 3399 prodictu
1493 3319 1586 3385 terri-

345 3424 429 3489 toria
450 3422 682 3490 lusimuerunt:
707 3443 727 3488 a
749 3441 837 3487 rnere
858 3441 971 3488 uersus
1002 3421 1131 3487 boream
1163 3439 1264 3502 usque
1295 3420 1336 3486 ed
1358 3420 1462 3487 locum
1484 3423 1587 3490 tribus

345 3526 493 3605 uallibus,
518 3528 602 3608 quod
626 3534 676 3592 est
697 3529 729 3592 in
753 3526 933 3612 summitate
955 3527 1130 3606 moueium,
1160 3531 1194 3593 et
1224 3543 1324 3607 usque
1354 3525 1397 3589 ad
1428 3543 1516 3591 mere
1545 3526 1587 3592 nd

345 3631 457 3710 locum,
482 3631 536 3711 qni
560 3630 674 3696 dieitur
696 3629 865 3708 Pechize3⁵
888 3648 1002 3696 uorsus
1025 3637 1169 3696 austrum
1191 3631 1231 3696 cb
1255 3628 1392 3695 ecclesio
1407 3631 1512 3694 suncti
1527 3630 1586 3694 lli-

344 3735 463 3802 chaelis
485 3749 587 3814 usque
609 3735 650 3799 od
672 3740 819 3814 montem,
845 3735 897 3816 qui
913 3735 1028 3800 dicitur
1043 3734 1239 3812 (lodinichi⁰
1262 3751 1362 3814 usquo
1389 3733 1431 3799 ud
1450 3752 1537 3800 more
1554 3741 1588 3800 et

344 3840 375 3906 in
393 3840 522 3906 sinistro
537 3838 688 3906 terminos
705 3835 766 3924 (et)
783 3844 896 3925 ternus,
920 3845 1045 3905 montes
1063 3845 1096 3906 et
1111 3839 1221 3905 uelles.
1244 3839 1288 3905 Et
1310 3840 1416 3906 nullus
1438 3840 1508 3919 fuit,
1533 3841 1587 3921 qui

342 3945 404 4010 hoo
427 3943 589 4010 decretum
621 3961 770 4025 rumpere
799 3962 856 4010 sen
886 3943 1009 4011 uiolare
1040 3945 1315 4025 pressnmpsiseet.
1349 3943 1433 4008 Num
1459 3945 1586 4011 nomine

339 4048 476 4124 illorum,
500 4048 553 4128 qui
577 4064 647 4112 curn
669 4048 785 4113 abbate
808 4047 938 4114 luerunt
953 4053 987 4114 et
1002 4047 1061 4114 hee
1075 4053 1265 4126 statuerunt,
1289 4047 1453 4114 heosunt:
1476 4048 1585 4132 Drego

341 4151 437 4232 prior,
461 4149 577 4218 Vita-ze
608 4151 737 4235 (nuper)
769 4153 872 4233 prior,
895 4152 1039 4217 Desiunu
1061 4150 1172 4229 iudex,
1202 4150 1309 4215 Micha
1329 4152 1440 4232 iudex,
1464 4151 1585 4234 Gaude,

342 4254 557 4334 Budinellus,⁷
581 4253 731 4336 Cerneco,
756 4255 880 4335 stenar
910 4256 1019 4320 etalii
1042 4255 1142 4319 multi.
1167 4252 1248 4320 Gom
1271 4254 1389 4321 abbate
1418 4273 1495 4322 uero
1526 4275 1585 4324 suo

343 4357 473 4422 luerunt
459 4357 624 4423 tmonnoi
653 4357 714 4421 hii:
743 4357 935 4424 Benedictus
966 4358 1125 4440 presbiter
1157 4364 1190 4423 et
1220 4358 1585 4437 consenescamus

346 4461 502 4543 presbiter
524 4467 558 4526 e
544 4461 808 4527 t·tmonochus
762 4468 808 4527 ·te
829 4462 881 4526 alii
904 4460 1023 4544 plures

429 4569 463 4628 In
475 4567 596 4628 archivo
608 4567 720 4628 consrln
732 4569 788 4629 loo
800 4567 928 4629 Jederee
940 4586 1006 4647 cap
1019 4570 1058 4629 11.
1072 4587 1115 4630 nr.
1133 4569 1181 4630 12.
1195 4568 1267 4631 dod.
1280 4567 1352 4643 dipl.
1368 4567 1451 4629 GSD.
1467 4570 1492 4644 Ι,
1511 4573 1587 4632 187.
