3572 5276
283 323 348 386 440

285 523 391 590 obitus
411 523 499 590 beati
521 525 580 588 viri
608 523 847 605 digressionem,
874 529 982 590 tamen
1013 523 1054 588 ad
1077 522 1327 590 aedificationem
1353 523 1526 608 legentium

285 627 405 708 aliquid
428 645 587 708 exponere
611 645 674 693 non
697 627 892 709 pigritemus.

329 729 519 796 Absarensis
548 730 651 796 insula
684 730 821 811 quadarn
852 730 1056 796 similitudine
1089 732 1156 796 axis
1179 729 1415 812 interpretatur.
1440 728 1529 795 Sicut

285 835 370 904 enirn
392 834 459 900 axis
482 833 606 916 pondus
629 851 734 899 sccnm
760 839 860 899 totum
884 839 999 916 portat
1024 833 1070 900 sic
1092 835 1186 900 etiam
1214 833 1367 915 quidquid
1389 833 1469 898 lucri
1492 853 1530 900 es

286 939 396 1004 labore
419 935 629 1004 deferentium
654 938 721 1002 sive
745 936 886 1018 pondere
909 938 1122 1018 consequitur,
1147 935 1226 1002 haec
1248 937 1352 1002 insula
1374 941 1526 1019 reportat.

286 1041 329 1106 Et
351 1041 433 1107 sicud
455 1040 522 1105 axis
552 1038 740 1106 firmamenti
762 1041 941 1120 plaustrum
971 1041 1112 1106 coeleste
1134 1038 1353 1106 indeficienter
1384 1038 1528 1119 revolvit,

287 1146 334 1212 sic
355 1144 449 1210 etiam
472 1143 585 1226 insule,
610 1162 691 1224 quae
714 1142 873 1210 Absarum
896 1144 1019 1230 dicitur,
1045 1144 1119 1209 olim
1140 1141 1276 1211 florebat
1299 1144 1437 1209 virorum
1460 1144 1528 1225 pul-

288 1247 483 1328 chritudine;
515 1254 548 1314 ct
576 1247 659 1312 inter
689 1247 768 1314 alias
799 1247 997 1313 Dalmatinas
1028 1248 1148 1314 insulas
1171 1249 1203 1312 in
1227 1265 1334 1313 rerum
1365 1247 1529 1329 opulentia

287 1352 448 1433 locuplete
471 1357 616 1418 eructare
639 1357 752 1416 cuncto
774 1351 909 1418 solebat.

332 1455 530 1522 Gaudentius
562 1472 637 1519 vero
668 1453 820 1535 pontifex,
852 1455 991 1534 quinon
1024 1454 1125 1519 solum
1149 1454 1399 1519 assonatione
1429 1453 1528 1519 Absa-

287 1560 426 1626 rensium
456 1556 650 1640 praeclaram
681 1558 833 1640 originem
857 1557 954 1636 duxit,
987 1575 1094 1623 rerum
1118 1557 1214 1621 etiam
1238 1574 1395 1639 supernae
1418 1556 1528 1622 civita-

289 1664 330 1728 tis
368 1660 572 1744 gaudentium
611 1659 699 1747 (inde
738 1661 922 1744 gaudendo)
962 1661 1124 1742 praeclara
1164 1660 1285 1743 origine
1326 1660 1523 1741 angelorum,

289 1763 400 1832 evulsa
422 1763 542 1847 origine
565 1763 686 1845 primae
709 1763 818 1829 matris
841 1763 939 1846 Evae,
963 1763 1103 1845 gaudere
1125 1763 1313 1844 concupivit,
1338 1764 1392 1843 qui
1416 1768 1528 1844 postea

289 1888 327 1935 ex
351 1869 397 1935 rei
420 1871 536 1933 eventu
566 1867 597 1931 in
622 1866 857 1932 subscribendis
881 1867 1053 1949 legentium
1077 1867 1144 1932 sine
1164 1866 1359 1932 audientium
1382 1865 1530 1932 cordibus

288 1969 419 2037 mirifice
442 1970 574 2051 patebit.

333 2073 427 2139 Nunc
456 2091 534 2139 vero
564 2073 604 2138 ad
628 2090 675 2152 ca,
700 2091 782 2153 quoe
804 2073 919 2138 beatus
949 2074 1006 2149 vir,
1030 2079 1159 2139 sanctus
1183 2073 1392 2149 Gaudentius,
1416 2089 1530 2153 passus

290 2183 341 2244 est
363 2177 395 2240 in
418 2177 483 2241 vita
506 2194 565 2240 sna
588 2193 646 2257 per
668 2176 738 2243 eius
760 2175 980 2255 humilitatem,
1005 2175 1168 2258 scriptoris
1190 2176 1293 2258 stylus
1317 2180 1471 2242 vertatur.

333 2279 493 2360 Tempore
526 2279 625 2356 enim,
661 2295 723 2358 quo
758 2279 798 2344 ad
833 2278 1051 2360 pontificatum
1086 2279 1287 2359 omnipotens
1316 2279 1394 2344 deus
1427 2280 1530 2359 ipsum

288 2382 453 2449 sublimari
476 2382 583 2460 voluit,
609 2382 661 2448 die
681 2388 840 2463 noctuque
863 2383 895 2446 in
912 2381 963 2448 dei
980 2382 1127 2448 laudibus
1144 2381 1347 2464 frequentare
1363 2381 1528 2462 disposuit

288 2485 414 2554 ieiuniis
431 2492 464 2553 et
479 2484 685 2568 elecmosynis
705 2485 831 2551 deditus
846 2492 925 2565 erat,
946 2492 980 2551 et
1002 2487 1032 2549 in
1056 2486 1176 2566 tcmplo
1200 2485 1252 2552 dei
1271 2486 1398 2551 assidue
1413 2484 1533 2551 hostius

290 2587 407 2656 offerre
430 2588 562 2654 solebat.
583 2587 626 2654 llt
641 2588 747 2654 nobile
763 2589 949 2671 principium
965 2588 1117 2654 adfinem
1133 2589 1307 2670 perduxit.¹
1330 2587 1408 2654 Cum
1425 2597 1531 2654 autern

289 2691 457 2758 insidiator
471 2691 598 2772 generis
620 2691 749 2757 humani
764 2693 797 2756 in
813 2693 879 2757 suis
903 2693 1111 2757 sanctissimis
1128 2692 1252 2758 actibus
1269 2691 1385 2778 (illum)
1401 2693 1531 2758 circum-

290 2796 400 2861 venire
432 2800 487 2860 ant
516 2794 754 2861 circumvallare
778 2813 839 2861 non
872 2797 985 2877 potuit,
1010 2797 1113 2878 ipsum
1136 2814 1193 2877 pur
1223 2796 1443 2877 interpositam
1467 2795 1532 2862 sive

294 2899 470 2964 subiectam
499 2897 560 2963 sibi
591 2903 778 2973 creaturam,
811 2904 847 2964 ut
875 2900 950 2964 olim
973 2899 1075 2981 primo
1100 2901 1234 2982 parenti,
1258 2917 1432 2982 suggerere
1467 2917 1530 2964 non

291 3001 470 3068 declinavit.
501 3001 564 3067 Per
594 3003 769 3067 membrum
802 3021 904 3081 suum,
936 3003 1070 3070 nobilem
1103 3005 1197 3070 immo
1230 3003 1399 3086 ignobilem
1430 3004 1533 3069 virum

290 3105 472 3188 praedictae
495 3105 641 3184 civiutis,
673 3107 763 3186 quasi
794 3125 906 3171 aurum
929 3125 987 3188 per
1020 3109 1135 3190 ignem,
1160 3107 1338 3174 examinare
1369 3123 1407 3173 sc
1429 3112 1531 3190 temp·

290 3213 370 3292 tare,
392 3213 429 3273 ut
451 3207 540 3273 illum
564 3207 631 3285 lob,
656 3208 705 3274 cui
729 3211 877 3275 interris
900 3210 1036 3274 similem
1059 3229 1121 3277 non
1143 3211 1272 3289 invenit,
1304 3211 1350 3278 sio
1370 3211 1439 3292 ipse
1461 3210 1532 3275 lati·

290 3312 451 3379 lanterio
474 3313 601 3378 homine
624 3313 685 3376 iam
710 3313 803 3390 dioto,
829 3314 889 3378 deo
912 3314 1123 3394 permittente,
1148 3313 1299 3381 connixus
1324 3318 1383 3380 est.

336 3413 424 3481 Ordo
455 3433 531 3481 vero
561 3417 779 3496 temptationis
802 3415 875 3480 talis
898 3415 996 3482 iuisse
1026 3417 1219 3498 perhibetur,
1243 3421 1280 3482 ut
1301 3433 1357 3483 ore
1377 3435 1433 3482 suo
1456 3417 1534 3482 bac·

290 3523 343 3584 tus
365 3517 414 3583 vir
436 3518 553 3583 nostris
584 3519 713 3584 auribus
736 3518 902 3583 intimavit.
942 3519 1000 3584 Ille
1024 3537 1097 3586 vero
1121 3519 1246 3599 nobilis,
1274 3520 1364 3602 quasi
1386 3517 1534 3602 ignobilis

290 3626 341 3688 est
373 3620 586 3704 reputandus,
624 3639 694 3686 curm
718 3622 864 3702 quodam,
900 3639 982 3702 qnae
1005 3622 1137 3703 pulchro
1160 3624 1335 3688 ducebatur
1357 3623 1464 3703 specie
1486 3629 1532 3687 ta-

294 3741 368 3790 men
391 3723 636 3806 consanguinea,
668 3725 902 3790 matrimonium
936 3734 1046 3790 contra
1077 3725 1278 3792 interdictum
1306 3725 1535 3806 religiosissimi

292 3823 451 3909 pontificis
475 3826 664 3892 contrahere
686 3829 776 3893 nixus
808 3832 867 3893 est.
907 3829 944 3893 In
974 3830 1140 3912 principali
1170 3827 1264 3907 festo,
1295 3828 1441 3910 paschae,
1471 3829 1533 3894 iam

293 3929 407 3996 divinis
441 3929 595 4010 incoeptis
630 3931 787 4011 mysteriis
823 3931 974 3998 ecclesiae
999 3933 1108 3997 limina
1139 3933 1204 3998 suis
1228 3951 1298 3998 cum
1329 3930 1532 4013 complicibus

290 4037 414 4102 amata
435 4051 531 4098 manu
552 4031 708 4099 violenter
740 4035 860 4100 intrare
883 4053 944 4101 non
970 4036 1083 4101 timuit
1120 4035 1221 4114 Quem
1244 4037 1358 4102 beatus
1389 4035 1534 4102 Gauden-

291 4137 368 4220 tius,
397 4141 550 4216 tanquam
572 4137 674 4201 bonus
698 4136 819 4203 athleta
841 4139 882 4202 ad
913 4143 1073 4203 certamen
1097 4140 1201 4205 laetus
1224 4139 1386 4218 accedens,
1412 4137 1534 4205 vinculo

293 4239 625 4307 excommunicationis
655 4241 820 4321 percussit.
853 4239 1003 4317 Quamvis
1035 4261 1072 4308 ex
1103 4243 1286 4324 expulsione
1317 4241 1357 4307 de
1387 4239 1537 4306 ecclessia

288 4341 436 4408 inimicus
459 4343 586 4424 generis
602 4343 727 4407 videtur
743 4343 948 4415 convaluisse,
973 4346 1111 4410 nondum
1130 4347 1235 4411 divina
1249 4348 1280 4410 in
1297 4345 1391 4410 terris
1406 4351 1534 4426 peracta

293 4443 421 4510 inerant
442 4445 603 4526 mysteria,
628 4445 701 4511 dum
726 4445 810 4526 apud
834 4445 1082 4529 omnipotentem
1106 4449 1198 4515 deum
1222 4450 1254 4513 in
1276 4448 1371 4514 coelis
1386 4453 1533 4529 suscepta

292 4545 451 4616 credimus
475 4565 558 4616 esse.
