3572 5276
349 373 412 437 394

902 583 1035 668 199-

346 685 369 746 r.
385 685 430 746 or.

348 821 478 888 Chroati
497 831 568 908 post
589 823 752 910 Symeoaio
774 833 903 891 mortem
925 827 1036 891 bellum
1057 834 1166 892 contro
1190 825 1348 911 Balyoros
1365 833 1508 913 paront;
1534 827 1590 892 aed

798 949 871 994 mox
888 951 999 1015 pacem
1020 932 1136 995 incunt.

391 1045 441 1112 Τά
463 1047 563 1131 κύκλῳ
585 1041 635 1113 οὖν
657 1051 730 1122 ἔθνη
753 1061 809 1114 τοῦ
830 1049 952 1138 Συμεὼν
1026 1050 1275 1118 circumvicinas
1321 1052 1419 1134 igitur
1462 1057 1586 1135 gentes,

348 1152 490 1240 μαθόντα
505 1154 676 1231 τελευτῆνῑ,
700 1155 726 1218 dr
743 1179 779 1219 τε
795 1153 953 1243 Χρωβάτοι
984 1155 1147 1240 chrobati,
1172 1155 1268 1222 Turci
1283 1174 1321 1222 ac
1334 1155 1458 1238 reliqui,
1476 1157 1587 1222 audita

348 1254 374 1320 δι
400 1255 524 1344 Τοῢρκοι
553 1260 602 1321 καὶ
632 1262 658 1322 ol
687 1262 798 1345 λοιποὶ,
830 1261 953 1348 ἐκστρα-
983 1260 1148 1344 Symeonls
1171 1261 1290 1327 lnorte¹
1312 1260 1470 1344 Balgaros
1501 1259 1585 1327 bello

346 1360 439 1425 τεὺειν
457 1361 539 1424 κατὰ
556 1359 731 1452 Βουλγάρων
750 1363 950 1446 ἐβουλεύοντο·
981 1365 1140 1432 incessere
1163 1365 1357 1432 statuebant.
1380 1364 1478 1430 Fame
1508 1381 1585 1430 vero

349 1469 434 1552 λιμοῦ
446 1455 479 1528 δὲ
491 1467 630 1564 μογίοτου
646 1467 695 1530 σὺν
707 1457 844 1555 ἀκρίδιτό
858 1465 952 1532 Boot·
981 1468 1190 1553 Bulgarorum
1214 1474 1342 1552 gentem
1363 1486 1433 1534 cum
1448 1467 1586 1534 locusta·

345 1569 465 1659 γαρικὸν
495 1571 580 1644 ἔθνος
609 1576 730 1657 ἰσχυρῶς
761 1571 953 1656 ἑκπιέζοντος,
984 1591 1053 1637 rum
1083 1573 1204 1655 ingenti
1235 1573 1326 1654 copia
1353 1571 1493 1658 graviter
1515 1591 1586 1654 pre·

347 1664 493 1737 ὲδεδίεσοιν
516 1673 568 1760 μὲν
590 1676 640 1738 καὶ
662 1683 722 1738 τῶν
742 1673 841 1738 ἄλλων
857 1677 951 1739 ἐθνῶν
982 1683 1103 1756 mente,
1129 1694 1199 1740 curn
1223 1675 1357 1741 aliarum
1379 1677 1520 1758 gentium
1542 1677 1587 1741 ir·

347 1769 460 1866 ἔφοδον,
484 1769 629 1843 ἐδεδίεσαν
659 1771 691 1843 δὲ
714 1778 804 1842 πλέον
826 1782 876 1843 καὶ
897 1779 953 1851 τὴν
983 1781 1162 1862 ruptionem
1178 1778 1397 1860 formidabant,
1411 1785 1478 1846 tum
1493 1799 1586 1864 prae·

346 1892 408 1947 τῶν
430 1879 583 1970 Ῥωμαίων
604 1883 762 1950 tattonem.
984 1886 1075 1966 cipue
1090 1884 1304 1951 Romanorum
1326 1885 1359 1949 in
1382 1901 1418 1950 sc
1433 1884 1586 1967 impeturn

982 1989 1177 2056 metuebant.

435 2111 557 2188 Georgii
581 2113 737 2173 hamartoli
752 2129 829 2174 mon.
847 2113 1003 2174 chronicon
1024 2116 1101 2175 cont.
1118 2113 1165 2172 od.
1183 2113 1236 2173 oit
1248 2130 1277 2189 p.
1295 2115 1369 2174 830.
1392 2111 1586 2189 Theophanis

389 2200 497 2260 contin.
515 2200 565 2260 llh.
582 2200 634 2278 vl,
652 2219 676 2260 ο.
695 2202 735 2258 22
752 2217 781 2276 p.
798 2201 871 2260 412.
894 2199 1021 2275 Symeon
1043 2217 1122 2276 mag.
1146 2198 1184 2259 de
1207 2199 1359 2262 Constant.
1385 2199 1527 2276 porphyr.
1556 2205 1586 2259 et

389 2287 522 2346 Romano
538 2305 563 2346 c.
581 2288 632 2348 34.
649 2303 678 2362 p.
698 2288 769 2346 740.
786 2285 834 2348 ed.
850 2287 943 2346 Bonn.

432 2371 516 2445 Quae
539 2372 622 2432 hicce
645 2376 818 2449 narrantur,
849 2373 1032 2449 complentur
1054 2371 1152 2446 quoad
1172 2369 1341 2432 Obroatiam
1366 2370 1441 2432 actis
1463 2373 1586 2432 alterins

391 2459 497 2534 synodi
514 2461 691 2534 spalatensis
707 2456 748 2538 (v.
766 2477 809 2520 nr.
831 2457 912 2536 150),
930 2459 959 2517 in
975 2459 1082 2534 quibua
1097 2459 1270 2537 adnotatur,
1295 2459 1374 2519 sedis
1390 2476 1528 2518 romanae
1544 2459 1586 2519 le·

392 2550 528 2620 gatornm
544 2545 710 2605 interventu
723 2563 825 2620 pacem
838 2546 914 2606 inter
925 2545 1070 2621 ffllgaroa
1082 2548 1113 2604 et
1124 2545 1268 2604 Obroatos
1280 2546 1471 2620 compositam
1483 2545 1583 2605 fnisse.

392 2631 477 2704 Quod
494 2631 612 2707 quidem
627 2650 663 2691 eo
680 2632 794 2690 facilins
810 2631 988 2692 credendum
1005 2635 1067 2702 eat,
1096 2648 1161 2690 cunr
1177 2630 1332 2707 Symeonis
1354 2647 1506 2692 successor
1527 2633 1583 2692 Pe·

391 2721 454 2776 trus
470 2718 558 2777 etiam
574 2735 639 2780 curn
654 2719 794 2777 Romanis
810 2736 878 2776 mox
894 2736 996 2794 pacem
1012 2717 1118 2778 inierit.
1138 2715 1267 2792 Symeon
1283 2735 1361 2794 mag.
1379 2717 1417 2777 de
1432 2717 1584 2780 Constant.

391 2805 496 2949 pgrpgr.
514 2809 545 2864 et
558 2805 690 2864 Romano
707 2823 732 2865 ο.
750 2805 800 2882 33,
825 2822 854 2880 p.
874 2806 945 2866 740.
970 2803 1144 2879 Theophan.
1167 2809 1243 2866 cont.
1266 2804 1316 2864 lih.
1338 2803 1379 2864 Vl
1396 2822 1421 2865 ο.
1439 2807 1458 2863 2
1474 2822 1503 2881 p.
1520 2807 1584 2864 412

389 2908 405 2950 ο
429 2934 435 2948 .
481 2909 549 2950 onn.

384 3007 389 3036 ¹
408 3007 452 3062 die
470 3010 504 3061 27
527 3007 594 3060 Maii
613 3009 672 3062 927.
691 3006 760 3062 Vide
778 3023 827 3062 nro
848 3009 898 3062 197
916 3025 942 3077 p.
962 3009 1039 3076 3923
1065 3007 1130 3062 item
1156 3007 1273 3062 Muralt:
1298 3005 1379 3064 Essai
1402 3005 1437 3061 de
1462 3005 1583 3063 Chrono-

344 3094 457 3164 graphie
475 3095 537 3165 bya.
554 3095 575 3164 1,
595 3098 653 3150 504.

899 3373 1028 3446 200.

390 3529 530 3595 Obscura
552 3529 591 3595 dc
613 3529 842 3616 Hunyororum
863 3532 896 3594 tn
923 3530 1103 3596 Chrootiom
1130 3525 1359 3613 irruptionibus
1382 3517 1542 3592 marcorio.

388 3651 533 3734 Hungari
562 3651 624 3718 hoc
653 3657 795 3735 ternpore
817 3653 983 3720 Pannonia
1013 3651 1133 3734 egressi
1160 3649 1334 3716 hlotarium
1351 3653 1385 3716 et
1401 3648 1585 3715 Bohemiam

344 3757 530 3824 invadentes
555 3756 743 3842 spoliavere,
766 3755 933 3824 interfecto
950 3774 1060 3822 eorum
1084 3753 1173 3822 dnce.
1196 3753 1315 3820 Postea
1332 3750 1515 3818 chroatiam
1538 3754 1586 3818 in-

344 3861 474 3926 vadunt.
497 3859 593 3925 Ultra
615 3866 755 3926 castrum
777 3861 910 3942 Leopoli
934 3859 1095 3926 Moraviae
1124 3859 1187 3925 dux
1210 3855 1427 3934 Gottifredus‚
1459 3856 1586 3939 duxque

342 3965 472 4031 Hardus
495 3983 566 4029 curn
589 3964 814 4046 Aquilegionse
836 3964 1017 4047 patriarcha
1038 3963 1101 4030 illis
1124 3967 1311 4040 occurrunt;
1338 3960 1372 4026 in
1401 3978 1439 4027 eo
1462 3960 1586 4043 praelio

341 4075 476 4150 uterque
500 4070 561 4134 dux
586 4069 755 4148 occiditur,
786 4069 966 4150 patriarcha
995 4087 1071 4133 vero
1101 4066 1177 4150 luga
1199 4067 1341 4131 salvatus
1363 4070 1422 4131 est.
1460 4065 1588 4131 Exinde

341 4172 479 4256 spoliata
501 4173 630 4239 Oroatia
661 4181 695 4238 et
717 4171 822 4255 Styria
854 4191 924 4237 curn
953 4173 1088 4238 maxima
1117 4170 1238 4253 praeda
1260 4170 1292 4234 in
1314 4167 1509 4234 Pannoniam
1534 4187 1587 4235 re-

343 4278 460 4358 deuna
484 4284 518 4342 et
541 4282 654 4359 postea
676 4275 859 4360 Bulgariam
881 4277 1028 4359 spoliant.

428 4401 465 4463 A.
482 4402 613 4462 Danduli
628 4401 870 4471 chronic.venet.
886 4401 933 4464 ed.
950 4401 1091 4460 Muratori
1108 4399 1176 4476 XII,
1196 4401 1375 4460 199-200.

430 4489 529 4549 Hasce
544 4489 753 4566 Hungarorum
776 4489 954 4565 irruptiones
969 4489 999 4546 in
1015 4487 1211 4547 conterminas
1234 4485 1402 4562 provincias
1423 4483 1586 4546 chronicon

388 4575 427 4634 ad
442 4575 509 4636 Ursi
525 4576 683 4637 Particiaei
698 4577 727 4636 II
743 4576 881 4637 ducatum
897 4571 1086 4659 (912-32),
1103 4573 1267 4650 etquidem
1290 4588 1359 4632 mox
1373 4575 1442 4632 ante
1464 4569 1584 4632 Rndolfi

387 4662 491 4723 Italiae
520 4662 657 4725 thronum
679 4663 853 4725 adscensum
883 4659 991 4744 (921),
1022 4660 1121 4722 refert.
1150 4662 1290 4722 Incursns
1312 4659 1521 4736 Hungarorum
1552 4659 1584 4719 in
