3604 5276
334 363 396 428 362

335 569 381 634 tui
402 568 476 634 illos
498 567 652 635 direxisse
674 572 856 634 noscuntur.
887 566 982 634 Unde
1012 572 1045 634 et
1073 568 1225 633 decuerat
1248 567 1464 633 excellentiam
1488 571 1575 632 tuam

332 673 378 739 ita
403 673 541 738 munitos
564 691 618 739 eos
640 673 821 747 remittere,
852 672 942 738 utin
966 673 1068 738 nullos
1091 672 1141 736 vel
1166 673 1339 752 piratarum
1362 671 1412 735 rel
1437 671 1570 736 aliorum

336 794 508 859 pravorum
533 777 680 842 incursus
700 775 884 841 inciderent.
920 774 1026 841 Grave
1048 792 1183 855 namque
1208 781 1318 840 contra
1340 781 1372 840 te
1395 793 1490 856 super
1512 775 1572 840 hoc

332 889 397 947 tom
421 881 595 964 spititualis
619 880 720 962 patris
745 879 845 944 nostri
868 879 1032 960 apostolici
1055 897 1159 960 papae
1182 879 1396 959 quamtotius
1420 877 1573 944 ecclesiae

330 987 493 1051 Romanae
517 1003 657 1048 murmur
681 983 865 1048 accenditur
888 1002 941 1066 eo,
968 982 1053 1064 quod
1075 983 1147 1048 illos
1171 1002 1189 1046 a
1213 984 1289 1048 sede
1311 983 1487 1063 apostolica
1509 989 1573 1048 tam

334 1088 589 1155 desiderabiliter
618 1087 805 1168 expetieris,
838 1086 894 1151 sed
925 1095 989 1150 tarn
1021 1087 1196 1167 Improrida
1219 1086 1458 1168 dispensatione
1481 1087 1574 1152 remi·

334 1193 422 1259 seris.
454 1192 497 1258 Et
518 1191 634 1256 Niceta
668 1190 793 1271 quidem
826 1190 993 1270 patricius,
1024 1189 1190 1255 Hadriano
1213 1189 1274 1255 loci
1297 1189 1476 1256 servatorei
1505 1209 1575 1256 cum

335 1297 488 1363 classibus
523 1295 698 1373 destinato,
734 1299 868 1375 accepta
900 1294 990 1374 quasi
1025 1310 1083 1374 pro
1118 1293 1299 1359 huiusmodi
1331 1313 1366 1360 re
1397 1294 1573 1377 occasione,

334 1401 451 1466 multas
475 1401 613 1482 praedas
638 1399 678 1465 ab
708 1397 786 1480 ipsis
818 1396 980 1462 SclaranIs
1011 1397 1160 1477 abstulit,
1193 1405 1226 1462 et
1248 1398 1438 1480 quibusdam
1461 1398 1573 1464 castris

337 1505 472 1586 diruptis
495 1521 605 1570 eorum
628 1501 771 1568 homines
793 1501 935 1582 captivos
958 1501 1098 1584 adduxit,
1126 1519 1184 1568 nec
1208 1507 1313 1568 tamen
1337 1521 1419 1584 quae
1442 1501 1575 1584 praefati

340 1608 539 1675 venerabiles
562 1605 744 1688 apocrisarii
767 1605 993 1687 perdiderunt,
1026 1605 1179 1672 hactenus
1203 1607 1351 1672 restituta
1373 1598 1464 1672 sunt.
1491 1606 1574 1673 Sane

339 1713 514 1795 spiritalem
539 1717 624 1776 tuam
643 1711 788 1775 nolumus
805 1710 951 1792 ignorare
966 1708 1198 1776 fraternitatem
1221 1729 1318 1792 super
1338 1719 1442 1776 castra
1464 1719 1572 1777 nostra

336 1818 463 1899 dirupta
486 1822 519 1880 et
541 1821 590 1880 tot
612 1813 737 1896 populis
769 1811 953 1878 Sclaveniee
984 1819 1112 1879 nostrae
1141 1815 1174 1878 in
1196 1815 1380 1896 captivItute
1403 1815 1471 1880 sine
1495 1833 1571 1895 qua-

334 1921 413 1986 libet
435 1920 589 2002 parcitate
612 1917 802 2002 subtractio,
826 1936 923 1999 supra
946 1935 1040 1998 quam
1065 1917 1125 1983 dici
1152 1920 1256 1999 possit
1270 1920 1407 1984 anImum
1433 1925 1574 1984 nostrum

337 2029 535 2088 commotum.
566 2019 637 2087 Non
667 2021 751 2086 enim
783 2037 922 2103 congrue
952 2027 1077 2102 gestum
1108 2027 1173 2102 est,
1206 2027 1243 2086 ut
1273 2022 1383 2087 ilsdem
1415 2020 1575 2087 Sclavenis

335 2128 468 2205 nostrIs,
498 2144 567 2190 cum
591 2124 724 2190 navibus
748 2124 814 2190 suis
837 2124 922 2206 apud
944 2123 1052 2190 Barim
1076 2126 1108 2190 in
1131 2125 1295 2209 procinctu
1320 2127 1493 2191 communis
1515 2128 1575 2191 uti-

337 2229 436 2296 litatis
460 2229 708 2296 consistentibus
733 2234 765 2295 et
787 2227 882 2293 nichil
906 2229 1030 2294 adversi
1047 2230 1106 2295 sibi
1126 2230 1255 2295 aliunde
1278 2229 1441 2296 imminere
1464 2237 1577 2312 putan-

337 2334 439 2412 tibus,
470 2338 535 2398 tam
565 2333 661 2415 impIe
692 2333 775 2398 domi
800 2352 857 2398 sua
880 2350 1025 2414 quaeque
1049 2334 1277 2416 diriperentur,
1309 2334 1433 2415 sibique
1456 2335 1576 2399 contin·

338 2443 461 2518 gerent,
486 2455 568 2518 quae
591 2437 616 2501 si
635 2442 893 2518 praenoscerent,
917 2455 1115 2520 nequaquam
1131 2457 1261 2520 prorsus
1277 2439 1483 2510 incurrerent.
1508 2437 1577 2515 Qua

337 2543 377 2607 dc
409 2561 443 2607 re
475 2541 719 2608 desiderabilem
751 2541 951 2606 dilectionem
982 2547 1069 2607 tuam
1099 2543 1264 2608 hortamur
1292 2549 1325 2610 et
1354 2561 1574 2620 ammonemus,

337 2645 422 2727 quod
446 2665 517 2711 mox
547 2645 579 2710 id
610 2645 771 2726 corrigere
799 2645 923 2724 iubeat,
960 2653 993 2709 et
1015 2645 1100 2728 ipsos
1124 2649 1265 2729 captivos
1288 2647 1329 2712 ad
1352 2647 1573 2729 propriarum

338 2751 404 2815 suis
435 2749 543 2814 reduci
574 2749 766 2831 praecipiat;
798 2747 826 2813 si
856 2749 1017 2816 charitatis
1049 2750 1206 2817 viaculum
1230 2769 1390 2832 nunquam
1413 2753 1496 2818 inter
1519 2770 1574 2817 nos

335 2853 404 2921 fore
427 2853 534 2934 cupiat
557 2852 820 2919 dissoluendum.
839 2903 845 2916 .
864 2903 895 2917 ..

427 2977 561 3054 Epistola
577 2977 607 3036 in
622 2976 760 3037 cbronIoo
776 2977 955 3036 salernitano
971 2995 997 3036 c.
1017 2980 1087 3038 107.
1111 2980 1211 3039 Perta:
1237 2981 1316 3041 lion.
1334 2979 1433 3040 Germ.
1452 2979 1503 3040 SS.
1519 2980 1574 3057 ΙΙΙ,

383 3066 520 3124 521-7.
536 3064 695 3123 MuratorI:
713 3062 817 3139 Script.
835 3081 893 3124 rer.
911 3064 971 3123 ital.
989 3065 1028 3136 II,
1048 3067 1066 3123 2
1083 3084 1113 3142 p.
1131 3067 1288 3128 244-54,
1313 3065 1495 3126 Adducimus
1510 3071 1576 3126 tan-

381 3156 441 3210 tum
457 3149 651 3227 fragmentum
667 3166 729 3209 rem
750 3153 878 3209 noemam
895 3167 1083 3212 concernens.

422 3237 557 3313 Epistola
573 3237 664 3312 haec,
690 3253 778 3310 quam
793 3235 895 3295 rimari
921 3234 1032 3313 (Storia
1048 3238 1096 3298 dei
1111 3239 1287 3298 llusulmani
1302 3239 1326 3318 Ι,
1346 3235 1424 3320 381)
1441 3239 1576 3316 supposi-

378 3325 449 3383 tiam
464 3339 530 3383 esse
545 3327 656 3399 censet,
673 3340 740 3380 mox
756 3326 824 3399 post
838 3329 1044 3398 recuperatum
1060 3325 1180 3384 Barium
1195 3325 1308 3402 scripta
1323 3331 1377 3384 est.

422 3409 448 3468 E
463 3410 563 3470 verbis
580 3409 649 3484 imp.
666 3409 810 3468 LndovIei
825 3410 963 3487 „populis
976 3410 1149 3471 Sclaveniae
1161 3416 1292 3488 nostrae,
1308 3412 1411 3472 iisdem
1423 3411 1576 3471 Sclavenis

380 3495 507 3555 nostris“
525 3499 571 3554 sat
586 3497 666 3555 clare
682 3493 853 3570 deducitur,
879 3497 1142 3572 subintelligendus
1158 3515 1223 3556 csse
1239 3499 1423 3557 Dalmatinos
1438 3501 1468 3557 at
1483 3497 1573 3556 Chro-

381 3587 454 3655 atoa,
472 3582 521 3656 qui
537 3599 704 3656 supremum
723 3581 905 3640 Frarrcorum
921 3582 1078 3641 dominium
1092 3584 1300 3658 agnoscebant,
1318 3585 1406 3658 quive
1422 3583 1488 3643 ideo
1505 3585 1576 3659 ipsis

381 3668 409 3726 in
426 3667 511 3727 Baris
527 3667 680 3728 obsidione
696 3668 835 3726 auxilium
852 3669 1053 3743 praestabant.
1071 3671 1116 3728 De
1132 3674 1249 3732 caetero
1262 3687 1299 3729 ex
1312 3672 1439 3744 epistola
1452 3672 1575 3730 Joannis

380 3754 453 3813 VIII
477 3773 504 3812 a.
532 3755 659 3812 sua—6
683 3750 726 3831 (v.
743 3771 773 3829 p.
791 3751 824 3833 6)
848 3757 948 3829 patet,
974 3757 1132 3834 Domogoji
1156 3755 1313 3817 Obroatiao
1336 3757 1420 3816 ducis
1443 3757 1577 3816 subditos

380 3845 476 3901 coium
493 3839 647 3916 piraticam
663 3843 756 3899 artem
773 3841 950 3900 exercuisse.

371 3957 420 4009 ¹r.
439 3973 465 4025 p.
485 3959 544 4012 345.
571 3955 682 4010 NIcetus
707 3963 883 4022 cognomento
909 3956 1092 4026 ,Ooryphas“.
1118 3941 1237 4014 Νῑκῆτα
1259 3947 1275 4006 ὁ
1298 3941 1448 4032 Ωθρΰφας·
1509 3961 1577 4028 'ap

333 4041 477 4098 Muratori:
510 4043 675 4113 ,Hadriatici
693 4043 756 4100 freti
774 4051 948 4100 servator...
967 4044 1144 4104 destinatus“.
1366 4043 1371 4052 “
