3494 5410
1356 474 1416 540 115

677 586 710 666 Ι

179 705 261 754 meo
292 687 324 752 in
354 687 481 768 pascuis
513 691 546 751 et
575 683 653 750 locis
683 683 836 765 contiguis
868 701 906 750 ac
935 682 1044 749 uicinis
1074 684 1219 750 uillarum
1251 687 1285 749 et
1315 687 1415 750 terra·

191 809 262 857 rnm
277 791 418 874 predicte
436 790 573 870 ecclesie
597 789 787 874 spalatensis
811 788 878 856 sine
907 787 1151 856 contradictione
1167 787 1220 854 uel
1235 789 1420 855 turbatione

187 895 319 962 ahcmus
341 913 488 980 persone,
519 899 552 962 et
574 894 742 976 presertim
772 894 803 959 in
825 891 1015 960 Bossiline²⁰
1037 911 1107 960 meo
1126 893 1225 977 regali
1247 893 1417 976 territorio,

185 1001 309 1081 absque
331 999 545 1065 decimacione
567 1015 625 1064 seu
645 998 778 1064 collecta
801 997 913 1081 aliqua,
945 1003 1054 1081 preter
1083 997 1229 1078 decimas,
1261 1016 1340 1080 quas
1362 1015 1421 1079 per

186 1105 294 1172 omnia
315 1103 385 1171 loca
406 1109 577 1187 prenotata
598 1122 638 1168 ex
657 1120 731 1169 mea
752 1103 952 1170 concessione
975 1106 1009 1168 et
1025 1120 1168 1168 meorum
1183 1108 1420 1170 antecessorum

186 1209 337 1293 colligere
361 1209 458 1276 debet
478 1209 601 1292 integre
623 1211 657 1273 et
679 1207 804 1290 exigere
826 1206 911 1273 idem
941 1207 1196 1292 archiepiscopus
1219 1213 1252 1274 et
1273 1208 1323 1274 sui
1346 1226 1416 1274 suc·

186 1331 334 1381 cessores
359 1314 427 1390 sine
450 1312 698 1380 contradictione
713 1312 908 1393 temporibus
934 1312 1111 1394 perpetuis,
1138 1311 1184 1378 ita
1207 1317 1313 1378 mmen
1336 1311 1420 1394 quod

185 1419 335 1499 predicta
355 1417 460 1484 omnia
483 1424 517 1483 tu
541 1417 643 1483 sttui
665 1435 865 1484 successores
888 1423 921 1482 et
943 1417 1076 1483 ecclesia
1106 1416 1294 1499 spalatensis
1318 1418 1419 1498 possi-

186 1523 286 1590 deant
307 1521 437 1605 pacifice
459 1526 493 1588 et
515 1522 630 1603 quiete.
663 1521 695 1587 Si
718 1523 788 1604 quis
810 1540 885 1589 uero
909 1521 982 1587 huic
1003 1521 1168 1588 donacioni
1192 1541 1230 1588 ac
1256 1520 1421 1588 confirma·

189 1626 276 1694 cioni
297 1645 368 1707 mee
392 1626 568 1692 contrarius
592 1627 742 1706 extiterit,
765 1627 878 1691 iratum
900 1626 1018 1692 habeat
1036 1627 1151 1692 trinum
1168 1632 1202 1692 et
1215 1645 1311 1691 unum
1329 1625 1421 1692 deum

187 1737 225 1798 et
246 1731 500 1798 malediccionem
524 1754 578 1797 ooo
594 1738 627 1798 et
641 1753 722 1796 xvnr
734 1737 859 1812 patrum
874 1737 906 1796 et
922 1731 1053 1796 aliorum
1069 1738 1248 1798 sanctorum
1270 1731 1420 1810 incurrat,

185 1842 224 1904 et
246 1854 317 1902 cum
338 1835 424 1902 Juda
438 1837 600 1920 proditore
615 1836 804 1917 dampnetur
819 1842 928 1914 eterno
946 1836 1116 1918 supphcio;
1140 1843 1236 1919 atque
1260 1860 1302 1900 nx
1324 1835 1421 1902 libras

187 1941 262 2009 auri
284 1942 445 2023 persoluat
467 1958 504 2007 ac
525 1947 701 2023 componat,
718 1960 849 2022 quarum
864 1941 1019 2006 medietas
1035 1941 1133 2024 regali
1148 1941 1318 2007 inferretur
1332 1938 1422 2022 fisco,

187 2045 421 2113 altercantem
445 2065 501 2129 pro
525 2046 675 2111 thesauro
699 2045 821 2128 prefate
852 2044 985 2126 ecclesie
1016 2046 1210 2128 spalatensis.
1246 2046 1326 2114 Acta
1348 2051 1423 2111 sunt

186 2151 254 2231 hec
282 2157 357 2217 ante
386 2151 533 2217 noticiam
562 2150 673 2216 horum
703 2151 847 2215 testium:
884 2151 1031 2216 uidelicet
1060 2151 1205 2234 Gregorii
1234 2151 1422 2219 uenerabilis

187 2255 333 2338 episcopi
355 2255 565 2336 chroatensis,
597 2255 752 2320 iohannis
774 2254 898 2320 abbatis
922 2255 1046 2335 cenobii
1068 2257 1167 2324 sancti
1196 2254 1421 2336 Bartholomei,

186 2359 326 2426 Adamiz
349 2361 457 2442 iupani
479 2360 636 2439 nonensis,
668 2358 829 2442 Stresigne
857 2359 1063 2442 breberistici,
1091 2360 1256 2426 Dessimiri
1279 2360 1423 2427 corbaui-

188 2464 278 2550 stici,
301 2464 455 2530 Dominici
488 2465 642 2530 ledrensis
673 2465 865 2541 sacerdotis,
896 2470 929 2531 et
959 2463 1112 2546 Stephani
1141 2465 1294 2547 capellani
1324 2465 1424 2531 sancti

187 2569 318 2636 Nicolai
340 2569 527 2635 stallorum
554 2569 734 2636 multorum.
766 2569 802 2633 In
825 2589 956 2651 quorum
987 2569 1125 2635 omnium
1156 2569 1368 2661 testimonium
1391 2575 1424 2634 et

187 2673 377 2740 memoriam
400 2679 588 2756 perpetuam
611 2673 766 2755 presentis
789 2674 945 2756 priuilegii
968 2675 1114 2756 paginam
1135 2674 1196 2740 mei
1212 2674 1304 2756 sigilli
1320 2691 1425 2739 carac-

187 2778 273 2845 teris
294 2765 499 2860 impressione
520 2778 580 2844 feci
602 2778 724 2844 inuniri.

279 2936 474 3014 Apographa:
491 2936 644 3014 a)·saoouli
660 2939 729 2997 xlv
744 2942 875 3015 tempore
891 2938 1423 3018 Dominicilruecari(1328—1348)

234 3023 450 3101 archiepiscopi
464 3026 648 3100 spalatensis,
665 3027 733 3084 olim
745 3027 774 3084 in
787 3025 906 3085 archivo
919 3027 1094 3104 spalatensis
1106 3027 1225 3103 capituli
1240 3044 1317 3086 nunc
1333 3027 1420 3086 Vien-

236 3128 294 3171 nae
317 3112 348 3171 in
373 3111 494 3171 archivo
513 3113 617 3172 aulico.
645 3113 764 3187 Spalsto
788 3113 826 3171 K.
851 3113 929 3175 XVI.
953 3113 1123 3174 membrana
1146 3113 1278 3189 pluribus
1303 3113 1332 3172 in
1353 3114 1424 3173 locis

236 3199 350 3258 vitiata.
376 3199 409 3272 b)
423 3199 454 3258 in
476 3199 653 3258 bibliotheca
676 3200 787 3257 comitis
810 3199 980 3278 Fanfognae
1002 3199 1149 3276 Tragurii.
1177 3201 1328 3260 Librarius
1350 3200 1425 3260 haee

236 3285 391 3363 praemisit
402 3285 568 3361 diplomati:
585 3285 640 3364 „ln
652 3285 698 3346 dei
709 3287 834 3346 nomine.
847 3285 950 3348 Amen.
965 3289 1029 3346 lloc
1041 3293 1085 3347 est
1096 3288 1260 3363 exemplum
1275 3287 1425 3347 cuiusdam

235 3373 385 3450 priuilegii
400 3373 518 3451 regalis,
531 3373 632 3434 muniti
647 3374 828 3449 appensione
840 3375 989 3435 cuiusdam
1001 3375 1088 3450 sigilli
1100 3376 1207 3451 magni,
1220 3374 1346 3446 rotundi,
1360 3392 1425 3434 cum

236 3459 362 3520 cordula
376 3461 470 3519 serica
485 3461 580 3520 crocei
596 3465 626 3520 et
639 3461 722 3520 rubei
738 3461 863 3539 coloris,
887 3462 916 3522 in
932 3479 989 3537 quo
1006 3462 1123 3536 quidem
1138 3463 1235 3538 sigillo
1251 3462 1366 3537 sculpta
1381 3465 1426 3520 est

236 3547 367 3622 quedam
382 3547 490 3621 regalis
507 3547 603 3623 imago
620 3547 726 3607 sedens
737 3549 766 3606 in
782 3548 902 3628 throno,
924 3549 1037 3629 habens
1051 3549 1081 3608 in
1096 3567 1182 3608 manu
1198 3550 1321 3608 dextera
1336 3565 1426 3624 quen·

238 3634 309 3692 dam
327 3633 419 3692 lilium
434 3635 538 3694 baculo
554 3635 768 3710 superpositum
781 3639 810 3694 et
822 3637 850 3694 in
863 3654 951 3696 manu
962 3632 1078 3695 sinistra
1088 3636 1235 3710 quandam
1246 3637 1426 3711 sculpturam

234 3720 402 3796 rotundam,
418 3725 448 3780 et
469 3721 576 3780 circum
599 3721 677 3780 circa
697 3723 810 3796 sculpte
832 3727 915 3783 orarit
930 3723 1035 3795 littore,
1051 3740 1137 3782 cruce
1152 3723 1303 3799 premissa,
1320 3724 1361 3782 ita
1384 3722 1426 3780 di·

236 3811 356 3868 eentes:
373 3807 451 3866 ltth
466 3807 694 3867 SVlNlhllltVS
709 3809 997 3886 DALMh'rhlrvm,
1015 3809 1286 3870 (litostratum.
1301 3809 1426 3868 Chartae

237 3894 407 3970 subscripta
435 3895 567 3954 nomina:
601 3894 770 3973 ,Gerardus
798 3898 929 3955 notarius
969 3897 1225 3972 archiepiscopalis
1258 3895 1426 3972 subscripsi,

195 4027 201 4036 .
239 3983 380 4041 Lucanus
402 3983 583 4057 primicerius
598 3984 702 4058 spalat.
720 3983 893 4060 subscripsi,
920 3984 1049 4042 Joannes
1070 3984 1107 4043 de
1129 3983 1266 4064 Ancona,
1293 3983 1427 4042 natenius

237 4069 400 4128 communis
411 4070 516 4145 spalat.
529 4065 718 4145 subscripsi“.
735 4069 782 4127 Ad
797 4069 883 4130 finem
899 4071 983 4129 huius
998 4073 1186 4148 transsumpti
1202 4071 1324 4144 legitur:
1345 4071 1426 4145 ,Ego

236 4155 384 4232 Mathens,
401 4158 548 4231 quondam
560 4157 684 4217 Gerardi
701 4157 737 4215 de
752 4157 881 4216 Panicho
895 4203 902 4216 .
916 4205 923 4218 .
936 4159 1075 4234 Bononia,
1093 4160 1226 4235 publicus
1242 4159 1310 4233 imp.
1328 4162 1426 4216 aucto·

236 4245 325 4302 ritate
347 4245 478 4303 hebrius
499 4249 529 4304 et
547 4262 623 4304 nunc
646 4244 758 4303 iuratus
777 4246 833 4304 ariri
848 4246 877 4304 in
893 4245 1008 4304 Olrristo
1031 4247 1123 4320 patris
1146 4251 1176 4304 et
1198 4245 1247 4304 dd.
1272 4245 1425 4322 Dominici,

236 4331 426 4390 miseratione
442 4332 541 4390 divina
556 4336 586 4391 et
600 4331 678 4390 sedis
694 4336 788 4406 apost.
806 4333 902 4407 gratia
921 4332 1131 4407 archicpiscopi
1154 4332 1338 4409 spalatensis,
1361 4348 1427 4407 pre-

236 4417 349 4478 dictum
372 4419 557 4494 privilegium
574 4437 638 4478 cum
655 4419 790 4493 originali
810 4418 1017 4496 (adstantibus)
1034 4419 1061 4478 d.
1079 4418 1301 4495 archiepiscopo
1316 4421 1346 4478 et
1361 4435 1426 4494 pre·

236 4505 326 4566 dictis
341 4505 557 4583 tabellionibus,
571 4510 601 4565 ot
613 4507 642 4564 in
653 4506 801 4580 presentia
813 4523 880 4564 van.
893 4511 1009 4580 patrum
1021 4505 1069 4566 dd.
1083 4505 1261 4580 Archangeli
1273 4505 1320 4565 dei
1332 4504 1428 4580 gratia

234 4593 371 4652 tiniensis
387 4593 517 4669 episcopi
532 4595 561 4652 et
576 4591 694 4652 Andros
711 4591 814 4650 eadem
831 4593 928 4667 gratia
943 4593 1147 4652 scardonensis
1167 4589 1298 4668 episcopi
1313 4596 1343 4651 et
1357 4591 1427 4650 Ber-

236 4678 324 4740 nardi
348 4680 511 4758 segnensis,
536 4679 756 4754 diligentissima
778 4679 957 4757 auscultavi,
981 4683 1011 4738 et
1026 4680 1095 4754 quia
1117 4679 1307 4757 (concordare
1330 4677 1428 4736 inveni

236 4785 302 4827 eum
329 4765 494 4845 ori)ginali,
514 4784 561 4826 me
573 4765 741 4843 subscripsi,
757 4765 930 4841 signumque
945 4783 1039 4825 meum
1055 4766 1179 4842 apposui
1194 4769 1363 4826 consuetum
1374 4780 1429 4839 pro

1308 4864 1327 4900 ts
