3602 5304
1429 373 1492 438 243

297 571 371 631 citur
394 575 423 631 et
446 570 606 632 'I'anrnlum
630 554 746 654 (dorla)
762 578 866 648 petens
889 592 907 631 a
931 573 1066 650 chagano
1088 574 1248 637 obsidetur.
1277 577 1355 638 Urbs
1370 577 1438 638 dole
1454 579 1493 639 ab

297 657 494 717 internecione
517 659 677 735 liberatur,
709 657 880 736 „chaganus
902 678 973 720 vero
988 661 1150 736 pauxillum
1166 663 1231 722 auri
1246 662 1276 722 in
1291 664 1458 724 conditione
1473 682 1492 724 a

295 743 396 888 {ringo
413 743 562 819 accipiens
588 745 617 803 in
641 744 781 804 ditionem
803 745 904 804 suam“
923 746 1009 806 redit.
1037 746 1205 824 Theophyl.
1222 747 1324 810 histor.
1341 751 1391 812 lib.
1408 751 1450 812 VI
1465 768 1492 812 e.

849 1021 899 1082 24.

252 1101 275 1163 l.
291 1101 339 1170 tit,
353 1119 423 1163 nera
439 1103 521 1164 nodie.
643 1102 648 1110 '

297 1219 386 1300 Papa
416 1219 591 1310 Gregorius
619 1219 636 1286 1
668 1219 846 1306 „Antonino
868 1221 1079 1306 subdiacone,
1110 1225 1225 1290 rectori
1248 1226 1429 1306 patrimonii
1458 1227 1491 1291 in

254 1321 445 1401 Dalmatia“,
475 1324 619 1388 mandat:
653 1325 680 1388 si
711 1323 796 1390 lama
819 1325 859 1390 de
880 1329 983 1391 morte
1004 1323 1130 1392 Natalis
1152 1327 1292 1409 episcopi
1316 1327 1491 1395 Salonitani

257 1426 393 1491 veritate
415 1427 543 1505 nitatur,
571 1426 707 1506 ,clerum
732 1433 766 1492 et
787 1428 939 1509 populum
962 1429 1031 1494 eius
1053 1429 1188 1495 civitatis
1210 1430 1380 1498 admonere
1403 1430 1491 1498 iesti-

255 1535 326 1608 net,
358 1535 514 1610 quatenus
544 1546 607 1595 uno
639 1547 796 1596 consensu
819 1531 1029 1596 ordinandum
1052 1533 1112 1612 sibi
1136 1531 1272 1600 debeant
1295 1534 1415 1617 eligere
1438 1552 1489 1600 sa·
1515 1547 1522 1564 ‘

252 1632 446 1714 cordetem“,
479 1634 677 1715 electumque
714 1633 881 1699 ordinandi
916 1652 1013 1700 causa
1053 1635 1185 1701 Romam
1219 1637 1342 1716 mittat,
1388 1639 1490 1717 „sicut

251 1735 362 1815 priscis
384 1733 445 1800 luit
466 1733 691 1816 temporibus“.
724 1737 778 1801 De
801 1737 897 1802 rebus
920 1738 971 1803 vel
994 1731 1190 1804 ornamentis
1213 1740 1367 1806 ecclesiae
1389 1739 1486 1806 faciat

250 1837 477 1917 inventarium,
509 1857 544 1904 se
572 1845 757 1920 praesente,
787 1839 959 1919 conscribi,
990 1859 1160 1922 rerumque
1190 1859 1299 1908 curam
1329 1843 1487 1926 Respecto

254 1939 386 2006 diacone
410 1947 444 2006 et
467 1940 629 2023 Stephane
653 1942 831 2022 primicerio
854 1943 1054 2008 notariorum
1077 1945 1193 2010 tradat.
1224 1943 1382 2012 Melehum
1407 1947 1490 2029 epia-

252 2060 365 2125 eopum
387 2045 483 2110 rebus
507 2044 692 2110 salonitanis
709 2046 866 2112 interesse
887 2044 986 2121 uetat,
1011 2047 1210 2128 eundemque
1225 2055 1346 2114 euocat.
1369 2048 1491 2117 Cuncta

248 2137 331 2212 haec
357 2164 446 2226 ,oum
469 2147 600 2214 oonsilio
622 2147 780 2230 magnifici
809 2155 905 2230 atque
933 2150 1186 2232 eloquentissimi
1213 2151 1375 2218 Mareelli“
1402 2161 1488 2236 aget.

336 2259 466 2346 negritu
482 2271 531 2332 lib.
549 2271 595 2330 111
611 2288 659 2347 ep.
677 2273 727 2333 22.
744 2272 853 2331 Marsi:
871 2271 959 2334 (lonc.
973 2274 1040 2334 coll.
1052 2273 1104 2352 IX,
1124 2277 1216 2337 1125.
1234 2275 1345 2336 Farlati
1359 2277 1398 2354 11,
1416 2279 1488 2338 241.

294 2356 367 2417 (lod.
383 2357 455 2432 dipl.
472 2356 557 2416 OSD.
573 2358 597 2438 1,
616 2360 664 2418 14.
684 2358 777 2416 Jaffe:
793 2359 923 2434 Regeata
938 2377 1010 2418 rem.
1027 2364 1108 2436 pont.
1124 2379 1169 2421 nr.
1187 2364 1259 2422 862.

844 2601 895 2662 25.

250 2682 273 2744 l.
287 2683 337 2752 tes.
350 2700 420 2760 nque
433 2681 505 2762 aprili.

293 2801 383 2883 Papa
400 2801 575 2885 Gregorius
591 2802 607 2866 1
625 2801 809 2888 ,Honorate
825 2801 1045 2868 archidiacono
1061 2801 1271 2887 salonitano“,
1289 2806 1347 2886 qui·
1361 2825 1488 2886 ,rursus

250 2911 326 2971 ante
348 2923 412 2971 nen
434 2905 569 2970 multum
593 2905 747 2986 temperis
771 2905 909 2986 spatium
932 2906 974 2971 ad
995 2923 1156 2971 romanam
1179 2906 1337 2975 civitatem
1360 2909 1489 2976 veniens

250 3007 292 3074 de
314 3009 471 3090 aliquibus
494 3010 560 3074 illic
582 3010 660 3076 actis
691 3010 863 3092 incongrue
893 3013 927 3073 et
957 3008 997 3074 de
1027 3027 1189 3075 sacrorum
1218 3017 1269 3078 est
1298 3019 1489 3094 conquestus

248 3111 438 3178 menotione
460 3110 639 3192 vasornm“,
670 3115 892 3178 intereavero
918 3111 1060 3194 „Natalis
1083 3113 1250 3196 episeopus
1274 3116 1314 3180 de
1336 3115 1396 3181 bac
1418 3115 1490 3183 lucc

248 3211 426 3298 migravit“,
452 3215 618 3297 significat,
635 3217 847 3283 necessarium
865 3234 901 3282 se
916 3215 1064 3301 iudicare,
1089 3216 1236 3302 ,easdem
1250 3219 1489 3300 praeceptiones

249 3321 315 3383 tam
337 3319 386 3384 sui
411 3319 667 3400 praedecessoris
686 3337 779 3401 qnam
804 3337 890 3400 suaa,
914 3337 994 3400 quas
1009 3319 1127 3385 dudum
1144 3337 1202 3401 pre
1218 3320 1358 3387 eiusdem
1374 3320 1489 3404 (erchi-

249 3420 388 3505 diaconi)
412 3421 613 3488 absolutione
635 3422 820 3508 transmisit,
845 3423 1067 3504 praesentibus
1091 3422 1242 3506 deinceps
1259 3423 1400 3505 apicibus
1415 3441 1489 3490 eon·

250 3523 410 3590 firmare“.
433 3523 675 3602 Quaerimonies
697 3525 765 3590 eius
789 3525 829 3590 ad
850 3524 1053 3610 Antoninum,
1071 3525 1300 3592 subdiaconum
1315 3533 1349 3592 et
1367 3533 1489 3607 ,recte-

250 3645 318 3693 rem
341 3627 542 3709 patrimonii“
567 3645 715 3693 romanae
737 3628 902 3708 eeclesiae,
926 3628 1063 3712 delegat.

338 3751 467 3827 Regiairi
490 3753 542 3811 lib.
564 3753 609 3812 111
633 3770 681 3829 ep.
705 3755 757 3812 32.
783 3753 895 3812 Menai:
919 3751 1007 3814 (lone.
1031 3753 1098 3814 coll.
1120 3752 1171 3828 IX,
1198 3754 1291 3812 1131.
1321 3752 1433 3812 Farlati
1449 3753 1489 3836 11,

293 3837 366 3897 243.
382 3836 454 3897 Ood.
469 3837 544 3914 dipl.
560 3837 643 3899 OSD.
658 3839 682 3915 l,
702 3841 750 3898 14.
766 3839 859 3900 tane:
875 3840 1005 3915 degesta
1019 3856 1091 3900 rem.
1108 3843 1189 3916 pout.
1205 3857 1250 3900 nr.
1268 3839 1341 3898 872.

248 4165 495 4235 conmuni.
843 4081 895 4144 Μ’

292 4284 382 4366 Papa
403 4283 577 4365 Gregorius
599 4281 615 4346 1
641 4283 745 4367 „clero
762 4283 915 4350 eeclesiae
929 4282 1144 4351 salonitanae“
1165 4285 1345 4368 respondet,
1361 4290 1489 4368 gratum
1601 4327 1604 4332 -

249 4389 310 4455 sibi
332 4387 448 4466 luisse,
479 4387 565 4468 quod
586 4384 803 4468 Honoratum,
833 4389 1100 4464 archidiaconum,
1126 4393 1311 4474 ,expertum
1333 4389 1434 4454 virum
1456 4397 1490 4458 et

249 4509 380 4574 gravem
406 4491 566 4570 moribus,
599 4489 641 4555 ad
671 4491 874 4572 episcopatus
904 4492 1045 4558 ordinem
1076 4493 1270 4576 elegerint“;
1301 4492 1489 4558 electionem

247 4594 330 4660 banc
351 4594 419 4674 ipsc
443 4611 568 4673 quoque
592 4594 757 4674 adprobet,
780 4612 900 4676 eosque
922 4595 1076 4676 bortatur,
1105 4601 1165 4678 „ut
1188 4597 1220 4660 in
1242 4597 1311 4662 elus
1333 4595 1489 4664 electione

1364 4697 1383 4732 {¹
