3604 5276
332 355 395 419 314

372 555 444 624 Hac
481 556 613 638 quidem
649 559 841 639 tempestate
877 556 1007 621 annuus
1041 551 1411 635 constantinopolitanus
1445 553 1572 618 nomine

334 661 531 743 Ebersapins
552 659 719 728 Venetiam
743 659 850 742 adivit,
874 663 908 724 et
930 659 1153 726 veneticorum
1170 658 1300 725 consilio
1324 661 1359 722 et
1379 657 1497 724 virtute
1510 655 1571 722 hoe

331 765 467 847 peregit,
490 768 528 829 ut
545 764 672 845 utrique
689 763 786 829 duces
802 769 837 828 et
851 761 1037 846 dignitatem
1054 766 1088 829 et
1102 761 1238 844 patriam
1254 761 1443 828 amitterent.
1467 759 1569 843 Unus,

330 868 364 936 id
386 872 438 936 est
460 866 650 947 obelierius,
675 864 991 949 Constantinopolim,
1015 864 1098 933 alter
1116 881 1191 932 vero
1215 865 1248 949 (l.
1272 885 1300 936 e.
1322 862 1457 950 Beatus)
1480 864 1570 932 Jate-

331 991 398 1038 ram
421 972 522 1055 petiit,
547 972 601 1054 qui
624 973 763 1054 quinque
785 987 941 1036 annornm
963 969 1071 1051 spacio
1094 969 1319 1037 Veneticornm
1341 968 1490 1035 ducatum
1512 987 1570 1051 gu·

333 1079 557 1145 bernaverunt.
579 1074 704 1143 Deinde
727 1092 797 1140 cum
820 1078 930 1142 essent
944 1073 1020 1140 anni
1038 1074 1078 1140 ab
1101 1073 1317 1140 incarnatione
1341 1072 1459 1138 domini
1480 1071 1573 1158 8(13)

332 1181 418 1263 apud
432 1179 671 1264 Rivoaltensem
685 1179 820 1245 insulam
837 1177 981 1246 Venetici
997 1178 1154 1244 communi
1169 1177 1298 1244 decreto
1313 1178 1448 1244 ducatus
1464 1177 1571 1244 sedem

332 1283 451 1352 habere
473 1283 664 1362 maluerunt,
688 1283 785 1348 etad
806 1281 891 1348 hunc
912 1282 1063 1348 honorem
1087 1282 1245 1363 quendam
1268 1282 1371 1347 virum
1385 1279 1571 1364 Agnellum⁴

331 1388 469 1470 nomine,
486 1387 540 1468 qui
555 1387 666 1471 palatii
682 1386 845 1468 hucusque
859 1385 1016 1452 manentis
1030 1384 1138 1451 fuerat
1152 1383 1333 1466 fabricator,
1351 1384 1571 1452 sublimarunt.

420 1511 564 1574 Johannls
579 1511 680 1572 chron.
703 1515 801 1572 venet.
826 1512 914 1571 Perta
936 1508 987 1572 SS.
1011 1509 1078 1589 vll,
1098 1510 1147 1570 15.
1163 1509 1200 1571 Α.
1215 1509 1346 1571 Dandnli
1363 1507 1520 1570 chronicon
1535 1508 1572 1570 ed

374 1599 516 1660 blnratori
533 1597 601 1674 XII,
620 1598 692 1658 159.
1549 1605 1552 1614 “

371 1715 488 1771 'Hattn
546 1711 726 1770 ’basilensis
782 1711 933 1768 'Enharcll
951 1711 1030 1772 suin
1048 1713 1180 1770 annales:
1199 1711 1250 1782 ,cle
1279 1711 1431 1782 Aquileia“.
1486 1711 1573 1768 *An-

321 1801 417 1882 ⁸gelus,
435 1799 599 1859 Heracliam
615 1799 828 1856 Partioiacornm
846 1799 949 1856 familia
967 1805 1051 1856 emus.

928 2049 976 2108 14.

331 2132 387 2196 lma
402 2132 444 2196 th.

412 2267 630 2355 'Aqurbpranr'
646 2289 716 2353 parc
737 2271 819 2334 iuter
844 2267 992 2334 Coretum
1014 2277 1042 2334 ct
1065 2267 1246 2336 Micbuclcm
1269 2268 1293 2334 I
1310 2274 1470 2338 statuitur.

376 2387 536 2456 Nicilorus
558 2390 733 2474 imperator
762 2395 839 2472 post
859 2389 977 2457 multas
1001 2396 1035 2458 et
1057 2392 1198 2474 insignes
1221 2391 1370 2459 uictorias
1391 2394 1425 2458 in
1448 2391 1574 2460 Moesia

332 2493 494 2576 provincia
524 2495 693 2562 commisso
724 2512 794 2559 cum
824 2492 971 2577 Bulgaris
1000 2496 1123 2576 proelio
1152 2495 1321 2580 moritur,¹
1352 2501 1386 2562 et
1415 2494 1575 2563 Michabel

335 2615 433 2680 gener
456 2596 526 2664 eius
548 2597 722 2679 imperator
744 2596 864 2664 lactus²
886 2599 1009 2680 legatos
1032 2598 1235 2681 imperatoris
1254 2599 1355 2678 Karli,
1379 2599 1433 2681 qui
1456 2599 1497 2666 ad
1518 2599 1574 2665 Ni-

332 2700 466 2767 cilornm
482 2701 568 2766 missi
580 2700 719 2774 fuerunt,
742 2703 775 2767 in
792 2701 1065 2784 Constantinopoli
1079 2705 1229 2785 suscepit,
1253 2709 1287 2770 et
1301 2703 1460 2770 Arsahum
1476 2709 1573 2786 atque

334 2803 573 2888 Theognostnm
597 2805 872 2888 protospatharios
902 2807 1013 2889 (misit)
1045 2812 1079 2874 et
1099 2826 1158 2890 per
1180 2827 1235 2874 eos
1257 2825 1368 2890 pacem
1391 2827 1412 2874 a
1433 2806 1575 2874 Nioiioro

333 2911 493 2991 inceptam
516 2907 721 2975 confirmavit.
751 2909 834 2975 Nam
856 2909 1067 2992 Aquisgrani,
1090 2913 1145 2978 ubi
1168 2911 1210 2978 ad
1232 2912 1456 2994 imperatorem
1478 2931 1574 2980 vene

332 3017 423 3092 runt,
455 3012 608 3093 scriptum
630 3013 715 3094 pacti
739 3015 778 3078 ab
801 3032 839 3080 eo
863 3013 896 3078 in
920 3014 1054 3081 ecclesia
1076 3016 1284 3097 suscipientes
1314 3033 1403 3084 more
1433 3035 1509 3095 suo,
1542 3015 1575 3083 id

333 3122 385 3184 ert
407 3115 530 3182 Graeca
553 3115 677 3200 lingua,
709 3116 822 3183 laudes
844 3117 875 3183 ei
897 3117 1061 3196 dixerunt,
1092 3119 1318 3201 imperatorem
1340 3139 1412 3186 eum
1435 3126 1469 3187 et
1490 3121 1575 3187 basi·

334 3220 419 3287 leum
443 3219 653 3302 appellantes,
677 3225 712 3285 et
734 3221 923 3287 revertendo
945 3221 1079 3287 Romam
1101 3223 1266 3289 venientes
1281 3223 1313 3288 in
1328 3225 1461 3290 basihma
1475 3224 1576 3291 sancti

333 3321 421 3390 Petri
452 3323 587 3404 apostoli
619 3323 755 3390 eundem
785 3325 869 3406 pacti
900 3343 955 3390 seu
988 3323 1127 3392 foederis
1157 3325 1297 3393 libellum
1321 3327 1470 3394 aLeone
1492 3345 1577 3410 papa

334 3426 439 3493 denuo
463 3430 682 3508 susceperunt.

420 3549 563 3611 Einhardi
578 3552 677 3611 annal.
694 3552 781 3612 Perta
797 3553 821 3633 1,
841 3553 912 3613 199.
928 3551 1062 3616 Enhardi
1078 3553 1164 3614 sum.
1181 3555 1304 3615 annales
1319 3554 1390 3617 ibid.
1407 3555 1431 3633 1,
1448 3555 1522 3617 355.

373 3667 382 3700 ¹
399 3665 452 3721 Die
471 3669 505 3722 25
522 3667 582 3722 iulii
599 3670 650 3722 811
669 3668 698 3722 in
716 3682 810 3738 pugna
827 3683 888 3724 cum
905 3667 1086 3739 Belgarorum
1105 3670 1228 3740 principe
1246 3670 1353 3727 Cremo.
1380 3670 1577 3741 Theophanes:

335 3752 554 3823 chronographia
580 3769 607 3823 p.
633 3756 684 3810 764
710 3751 752 3808 ecl.
777 3754 864 3810 Bonn.
954 3754 1051 3812 ’Post
1075 3755 1208 3813 Stauracii
1232 3757 1377 3827 imperium
1401 3758 1484 3814 breve
1508 3759 1578 3814 ahu

333 3837 393 3893 iulii
411 3854 497 3908 usqne
514 3837 550 3896 ad
566 3843 584 3894 2
602 3839 722 3896 octobris
740 3842 799 3894 811.

933 4071 982 4130 15.

333 4152 389 4214 hm
404 4153 446 4214 tc.

415 4287 528 4373 Leyota'
553 4287 662 4355 Caroli
683 4289 876 4376 Byzantium
893 4299 1004 4374 petunt
1027 4291 1259 4374 confirmandae
1277 4295 1370 4377 puris
1391 4313 1498 4359 causo.

379 4410 559 4494 Imperator
581 4411 774 4497 Aquisgrani
793 4413 946 4480 hiemavit
960 4419 994 4480 et
1008 4413 1179 4495 incipiente
1194 4415 1281 4481 verni
1297 4412 1453 4497 temperie
1468 4412 1577 4480 Amal·

336 4513 462 4580 barium
497 4513 727 4583 Treverensem
761 4517 944 4599 episcopum
979 4522 1013 4583 et
1042 4519 1173 4582 Petrum
1209 4517 1358 4584 abbatem
1392 4518 1578 4585 monasterii

333 4617 533 4684 Nonantulas
555 4625 687 4701 propter
709 4637 821 4702 pacem
844 4639 914 4686 cum
937 4619 1094 4687 Michaele
1117 4620 1310 4712 imperatore
1327 4619 1574 4690 confirmandam
