3604 5276
1428 431 1491 496 307

252 637 422 720 temporis,
453 636 563 702 multis
582 637 648 718 jam
673 634 874 703 elabentibus
898 637 1006 716 annis,
1038 637 1176 720 peccatis
1199 637 1305 702 nimiis
1329 638 1494 701 imminen-

254 741 339 807 tibus
364 738 516 806 Sirmiae³
536 739 673 818 civitati,
706 741 737 804 in
761 758 824 821 qua
848 759 963 821 corpus
985 741 1182 821 praelibatae
1205 741 1335 824 virginis
1359 747 1393 806 et
1414 759 1497 805 mar·

256 845 333 926 tyris
357 845 405 922 (ut
424 862 523 924 supra
546 839 697 928 diximus)
721 842 826 909 luerat
846 845 1083 925 martyrizatum
1106 849 1141 909 et
1163 845 1370 928 reconditum,
1393 843 1501 908 abar·

253 947 343 1012 haris
375 947 505 1012 obsessa
535 952 568 1012 et
599 946 652 1012 din
683 953 880 1030 expugnata,
914 947 1043 1012 tandem
1074 947 1238 1013 destructa
1266 947 1343 1012 est*
1376 945 1502 1012 Adsunt

254 1049 385 1130 quidam
410 1048 468 1114 viri
491 1050 739 1115 christianissimi
764 1069 801 1115 ac
827 1068 922 1116 verae
945 1051 1115 1133 religionis,
1139 1051 1284 1116 nolentes
1301 1053 1501 1133 margaritas

253 1153 406 1219 videlieet
430 1155 664 1219 sanctissimum
688 1171 805 1235 corpus
828 1154 1031 1235 supradictae
1048 1154 1177 1234 virginis
1201 1158 1234 1220 et
1257 1155 1403 1235 martyris
1418 1152 1501 1218 Ana-

255 1258 384 1338 stasiae,
409 1257 591 1338 relinquere
613 1257 698 1324 inter
721 1275 844 1341 porcos,
877 1262 913 1323 nt
935 1258 974 1322 ab
999 1257 1061 1322 illis
1086 1257 1302 1322 conculcatum
1326 1258 1502 1336 vilesceret,

258 1377 368 1425 secum
391 1359 541 1426 tollentes
565 1359 874 1442 Constantinopolim
898 1360 1065 1440 deferunt,
1094 1367 1127 1428 et
1149 1363 1299 1426 timentes
1323 1380 1362 1428 ne
1384 1359 1501 1425 inrtive

259 1462 306 1530 eis
329 1463 490 1530 sublatum
513 1463 637 1542 inisset,
662 1463 898 1530 absconderunt
918 1463 1024 1530 illud.⁵

300 1565 366 1632 Sed
390 1569 464 1648 quia
487 1567 542 1632 diu
564 1568 666 1632 latere
687 1585 751 1632 non
766 1569 878 1648 potuit,
904 1568 1076 1634 adveniunt
1091 1568 1191 1632 nuntii
1207 1569 1306 1648 pacis,
1330 1567 1504 1634 adveniunt

256 1675 419 1737 amatores
442 1689 538 1736 verae
562 1671 657 1750 pacis,
681 1688 763 1750 quaa
787 1677 838 1736 est
861 1669 1025 1749 Christus,
1049 1673 1097 1736 sic
1117 1671 1200 1736 enim
1225 1671 1265 1736 de
1288 1689 1325 1737 eo
1350 1671 1503 1752 scriptum

256 1779 323 1840 est:
358 1774 452 1860 ,lpse
481 1777 532 1840 est
562 1793 623 1854 pax
653 1791 730 1840 vera
757 1774 949 1851 viventium
984 1775 1155 1839 adveniunt
1183 1775 1330 1855 equidem
1359 1774 1504 1840 Donatus

257 1877 476 1960 archipraesul
491 1876 622 1955 dodras,
646 1881 678 1944 et
693 1875 874 1942 Benenatus
891 1877 1099 1944 venetiarum
1115 1878 1187 1956 dux,
1205 1878 1378 1943 adveniunt
1393 1897 1503 1960 pacem

255 1979 405 2048 ferentes.
443 1981 549 2059 Quare
573 1998 636 2045 non
659 1979 728 2045 sine
752 2000 848 2047 cansa
875 1981 907 2046 hi
931 1981 994 2046 duo
1024 1982 1111 2062 pacis
1134 1982 1232 2048 verba
1254 1981 1398 2047 referunt
1420 1982 1505 2064 (ipsa

260 2085 344 2149 enirn
367 2084 484 2166 quippe
508 2083 667 2148 nominum
692 2100 821 2149 suorum
845 2085 1012 2164 explicatio
1034 2089 1135 2167 notat,
1159 2085 1186 2150 si
1206 2085 1381 2166 diligenter¹
1400 2084 1501 2164 inqui-

254 2189 338 2270 ras);
373 2188 467 2252 deum
491 2187 564 2268 plus
596 2205 690 2268 quam
713 2187 837 2268 seipsos
861 2187 1044 2268 diligentes
1076 2193 1109 2252 et
1140 2189 1315 2269 proximum
1340 2193 1502 2268 umquam

260 2291 385 2373 seipsos
408 2297 564 2368 amantes,
595 2292 683 2372 pacis
706 2289 808 2358 nuntii
831 2293 1008 2356 mittuntur.
1045 2289 1167 2368 Quibus
1189 2291 1423 2378 praenominati
1445 2292 1504 2356 viri

262 2393 424 2460 Sirmites⁶
445 2394 552 2459 divina
575 2394 776 2476 providentia
798 2393 1019 2472 adhaeserant,
1044 2395 1154 2476 etqui
1178 2401 1295 2470 essent,
1319 2400 1352 2461 et
1368 2395 1504 2477 qualiter

260 2495 568 2579 Constantinopolim
593 2495 811 2581 devenissent,
836 2503 869 2564 et
890 2498 972 2564 sicut
995 2498 1227 2564 sanctissimum
1251 2517 1366 2578 corpus
1389 2499 1505 2564 beatae

258 2599 446 2666 Anastasiae
479 2599 610 2682 virginis
634 2607 666 2666 et
690 2602 839 2683 martyris
862 2601 902 2668 de
925 2601 1057 2668 Sirmia⁷
1088 2602 1217 2667 civitate
1241 2621 1348 2667 secum
1371 2602 1505 2668 detulis-

260 2711 340 2782 sent,
365 2703 471 2770 omnia
493 2711 643 2783 narrant,
668 2708 827 2785 'petentes
850 2723 956 2770 secum
980 2705 1062 2771 velle
1085 2707 1117 2770 in
1140 2703 1332 2770 Dalmatiam
1354 2723 1506 2787 pergere3

261 2806 389 2872 undem
411 2813 576 2890 gratanter
598 2814 632 2874 et
649 2807 878 2874 honestissime
901 2811 941 2876 ab
965 2809 1010 2874 eis
1034 2809 1174 2890 suscepti
1197 2809 1300 2874 sunt.⁸

305 2909 448 2992 Cumque
479 2911 625 2978 Donatus
660 2912 878 2977 sanctissimus
913 2911 1130 2994 archipraesul
1160 2930 1197 2978 ac
1227 2913 1411 2978 Benenatns
1442 2913 1505 2977 dux

260 3019 408 3096 coeptum
439 3033 535 3096 opus,
567 3015 608 3082 ad
637 3015 722 3097 quod
744 3016 833 3080 missi
856 3015 999 3094 fuerant,
1031 3015 1272 3096 diligentissime
1296 3015 1504 3098 peregissent,

260 3123 356 3186 santo
380 3119 572 3185 succedente
594 3119 744 3199 secundo,
769 3138 833 3184 una
849 3139 918 3185 cnm
935 3119 1141 3201 supradictis
1165 3121 1239 3185 viris
1256 3128 1289 3184 et
1304 3119 1504 3186 sanctissimo

266 3239 400 3304 corpore
422 3222 587 3305 praefatae
611 3223 740 3306 virginis
763 3229 796 3290 et
817 3224 967 3307 martyris
989 3222 1179 3290 anastasiae
1195 3223 1234 3288 ad
1252 3224 1382 3304 propria
1405 3241 1506 3288 reme·

264 3343 320 3392 are
343 3333 527 3407 coeperunt.
551 3326 700 3393 Attamen
724 3328 927 3410 navigantes,
961 3345 1032 3392 cum
1054 3327 1241 3408 saepissime
1264 3326 1386 3405 insulis,
1410 3326 1504 3404 villis,

262 3429 404 3511 oppidis,
438 3435 472 3495 et
494 3429 675 3495 civitatibus
700 3431 919 3512 applicantes,
942 3432 975 3496 in
999 3450 1053 3497 eas
1077 3430 1317 3496 descendissent
1340 3448 1436 3495 causa
1457 3449 1507 3495 re-

258 3534 437 3599 creationis
467 3533 641 3600 humanae:
677 3534 852 3601 audiebant
882 3535 1051 3600 daemones
1083 3535 1327 3616 circumquaque
1350 3552 1409 3614 per
1431 3537 1508 3598 adra

260 3635 435 3702 ululantes.
457 3636 520 3701 Alii
545 3637 727 3702 clamabant
750 3638 908 3704 dicentes:
944 3639 1045 3717 ,Ecce
1067 3643 1188 3719 martyr
1210 3637 1381 3703 Anastasia
1402 3639 1507 3716 venit;

260 3757 337 3806 ecce
360 3740 447 3806 venit
469 3739 586 3806 Christi
610 3744 766 3825 martyr“;
791 3741 843 3806 alii
867 3747 972 3809 autern
996 3743 1085 3823 qnasi
1109 3741 1224 3822 puerili
1242 3759 1317 3807 voce
1334 3740 1507 3805 stridentes

260 3841 459 3908 clamabant:
486 3845 533 3930 ,0
557 3849 679 3926 martyr
700 3843 829 3927 Christi,
852 3842 1034 3925 Anastasia,
1058 3845 1098 3909 ad
1121 3843 1198 3926 quid
1220 3843 1335 3908 uenisti
1359 3848 1508 3922 torquere

261 3964 337 4031 nos3
361 3947 438 4027 quid
462 3945 518 4012 tibi
542 3953 574 4013 et
596 3947 712 4013 nobis?
734 3948 786 4013 abi
810 3946 892 4025 hinc,
917 3948 1031 4013 recede
1048 3967 1067 4012 a
1082 3947 1213 4013 nohis!“
1241 3947 1291 4010 Ad
1307 3947 1396 4010 cuins
1418 3962 1508 4025 spec-

258 4052 404 4116 taculum
427 4069 536 4118 omnes
559 4058 786 4130 cucurrerunt,
809 4057 842 4118 et
865 4053 956 4116 multi
981 4070 1000 4117 a
1025 4051 1231 4118 daemonibus
1254 4049 1387 4128 obsessi,
1411 4043 1509 4112 vincti

261 4155 383 4222 catenis
407 4153 537 4235 ferreis,
573 4154 614 4220 ad
645 4174 715 4220 earn
739 4156 824 4221 ducti
848 4154 1085 4234 liberabantur,
1116 4153 1235 4236 leprosi
1258 4151 1505 4234 mundabantur,

261 4259 427 4342 paralytici
443 4259 645 4342 curabantur,
669 4258 770 4326 caecis
786 4259 943 4325 reddebat
958 4259 1068 4337 visum,
1091 4258 1196 4324 surdis
1216 4257 1372 4334 auditum,
1389 4253 1510 4320 claudis

270 4381 425 4444 gressum,
450 4364 569 4429 mancis
592 4381 667 4429 vero
692 4362 870 4448 dexteram3
902 4368 936 4427 et
958 4363 1150 4444 quicumque
1172 4359 1335 4426 habehant
1358 4357 1509 4438 infirmos,

268 4465 367 4531 variis
380 4466 586 4547 languoribus
606 4466 764 4545 detentos,
789 4466 950 4532 ducebant
965 4485 1020 4532 eos
1036 4473 1068 4532 et
1086 4465 1290 4531 sanabantur.
1316 4461 1368 4528 Sic
1383 4479 1510 4543 qnoque

263 4586 322 4651 per
345 4567 490 4650 singulas
511 4568 693 4650 provincias
716 4585 831 4650 corpus
854 4569 969 4635 beatae
992 4569 1122 4650 virginis
1146 4575 1179 4635 et
1200 4565 1361 4647 martyris,
1382 4565 1510 4630 domino

273 4675 385 4740 nostro
408 4669 487 4738 Jesu
510 4669 640 4738 Christo
663 4671 866 4753 concedente,
890 4672 1094 4753 operabatur.
1387 4769 1405 4810 ¹·
