3604 5276
322 403 384 464 alo

322 612 449 688 συνεχῶς
481 601 576 670 «ordo
608 597 845 686 κατατρέχοντες
877 601 927 661 καὶ
956 602 988 663 in
1010 597 1105 664 Italia
1133 595 1194 662 fixo
1218 597 1300 678 pede
1322 595 1469 662 continue
1499 612 1568 659 eam

324 695 448 791 ἀφειδῶς
463 704 636 789 ληϊζόμενοι,
657 708 695 775 ὡς
709 704 760 764 καί
775 701 858 789 μέχρι
873 710 933 764 τῶν
964 700 1168 766 incursabant
1201 699 1334 780 direque
1369 697 1567 774 desolabont

323 808 512 878 πεντήκοντα
533 809 584 869 καὶ
604 806 711 869 ἑκατὸν
734 804 869 892 κάστρων
891 803 933 866 τοὶ
963 811 1090 870 eentum
1113 803 1342 884 quinquaginta
1361 800 1491 866 munitis
1514 817 1569 880 op·

324 909 376 998 μὲν
406 911 440 973 ἐκ
467 900 619 996 προδοσίας
646 909 688 971 τοὶ
719 901 752 972 δὲ
781 908 932 994 πολιορκίᾳ
961 907 1061 990 pidia,
1099 924 1163 988 qua
1196 912 1373 987 spontanea
1408 903 1569 970 deditione

324 1015 534 1101 χειρώσασθαι,
558 1012 673 1076 ἀκούων
688 1022 789 1075 ταῦτα
812 1016 827 1074 ὁ
850 1011 932 1093 βασι·
962 1029 1025 1091 qua
1041 1010 1313 1090 obsidionemque
1328 1009 1361 1073 in
1375 1013 1570 1091 potestatem

323 1118 390 1191 λεὺς
411 1121 514 1188 ἠνιᾶτο
537 1108 682 1204 σφοδρῶς,
712 1118 762 1178 καὶ
783 1126 848 1187 ταῖς
871 1117 933 1202 περὶ
963 1133 1052 1180 suam
1074 1113 1226 1191 redactis,
1249 1113 1382 1178 audiens
1398 1113 1570 1192 imperator

324 1220 440 1284 τούτων
463 1222 602 1308 φροντίσι
622 1222 813 1307 ἐπαργυπνῶν
836 1219 934 1302 ἐζήτει
963 1218 1055 1283 valde
1079 1218 1184 1283 animo
1215 1216 1482 1298 discruciebatur3
1513 1214 1569 1278 ho-

324 1334 386 1396 πῶς
409 1321 444 1386 ἄν
467 1328 597 1396 εὐπετῶς
620 1315 757 1395 δυνηθείη
780 1323 799 1392 ἤ
822 1321 931 1395 τελέως
962 1340 1094 1402 rumque
1107 1321 1306 1387 solicitudine
1321 1318 1490 1400 invigilans
1502 1335 1570 1382 mo·

325 1429 538 1514 τροπώσασθαι
559 1428 627 1502 τοὺς
650 1427 773 1513 ἐχθροὺς
791 1426 810 1496 ἤ
826 1425 880 1489 κᾶν
899 1427 934 1488 ἐκ
964 1427 1038 1490 dum
1073 1425 1264 1506 quaerebat,
1299 1441 1361 1503 quo
1395 1421 1487 1488 facile
1520 1419 1570 1488 vel

325 1541 379 1604 τῆς
401 1529 568 1619 Ῥωμαϊκῆς
590 1531 774 1618 ἐπικρατείας
793 1529 934 1592 ἀπώσασ-
964 1530 1072 1595 hostes
1095 1529 1222 1609 penitus
1245 1526 1379 1593 fundere
1394 1527 1506 1592 liceret
1519 1523 1569 1590 vel

324 1639 380 1698 θαι
401 1639 452 1699 καί
474 1634 607 1720 ἐξελάσαι
637 1635 674 1697 το
704 1626 849 1720 δυσμενές.
882 1635 933 1695 καὶ
963 1633 1149 1698 σίίοιιικοιι
1178 1631 1290 1696 saltem
1314 1630 1424 1711 procul
1447 1629 1570 1695 dicione

325 1740 380 1813 τὰς
403 1738 455 1826 μὲν
476 1729 534 1809 ἤδη
557 1736 639 1830 χάριν
662 1745 722 1800 τῶν
753 1735 931 1800 Ῥαουσαίων
962 1736 1089 1818 abigere
1112 1753 1149 1800 ao
1168 1735 1356 1817 propellere.
1380 1734 1447 1798 Iam
1463 1733 1571 1813 itaque

325 1845 375 1906 καί
398 1843 468 1906 ὅλου
491 1851 545 1906 τοῦ
568 1845 671 1914 ἐθνους
685 1851 746 1904 τῶν
762 1841 934 1927 Δαλματῶν
964 1838 1378 1921 quaeanteRagusinoium
1387 1854 1570 1920 oausegen-

325 1946 598 2033 προαποσταλείσας
617 1936 750 2032 δυνάμεις
772 1939 811 2008 ὢν
833 1937 932 2031 ἦρχεν,
962 1945 1067 2025 tisquo
1091 1942 1192 2009 omnis
1214 1943 1434 2008 Dalmatarum
1456 1942 1571 2006 missae

326 2055 365 2122 ῶς
387 2047 557 2136 φθάσαντες
579 2053 706 2134 εἴπομεν,
738 2047 858 2110 οκατοί
880 2047 933 2110 τὸν
962 2047 1090 2112 fuerunt
1120 2047 1246 2132 copiae,
1283 2045 1398 2111 Nisei-a
1419 2043 1572 2127 Ooryphe

326 2151 470 2240 Ὠοριίραν
507 2150 640 2225 Νικήσας
676 2153 842 2239 πατρίκιος,
880 2154 934 2214 οὐκ
963 2151 1095 2233 patricio
1108 2151 1250 2234 duotore,
1266 2149 1570 2231 utsupradiximu8‚

326 2255 502 2344 ἀξιομάχους
525 2257 593 2343 πρὸς
608 2255 758 2327 τοσαύτην
781 2264 841 2319 τῶν
864 2256 933 2341 βαρ-
964 2255 1116 2321 adversus
1132 2260 1251 2320 tentam
1267 2254 1474 2320 barbarorum
1492 2252 1571 2316 mul-

328 2360 423 2448 βτίρων
451 2361 571 2430 πληθὺν
601 2351 773 2446 ἐδοκίμασε,
804 2357 937 2446 μάλιστα
967 2359 1134 2428 titudinem
1165 2358 1250 2423 hand
1280 2357 1359 2422 satis
1389 2374 1484 2439 pares
1507 2356 1572 2422 eni-

327 2454 375 2526 δισὶ
404 2463 441 2526 τὰ
471 2464 568 2552 χρείαν
598 2459 667 2527 εἶναι
695 2465 746 2526 καὶ
778 2463 847 2549 πρὸς
880 2462 935 2532 την
967 2463 1115 2528 stimans·
1131 2480 1169 2528 oe
1198 2461 1249 2528 vel
1271 2462 1407 2527 mammo
1431 2459 1517 2542 quod
1540 2460 1571 2524 in

329 2565 483 2654 μεσόγαιον
524 2565 666 2639 πολλάκις
702 2569 849 2630 ποιεῖσθαι
882 2565 937 2639 τὰς
966 2567 1206 2632 mediterraneis
1238 2563 1324 2630 haud
1353 2581 1426 2630 raro
1460 2581 1571 2628 manus

329 2669 501 2758 συμπλοκὰς
524 2673 573 2733 καί
599 2671 676 2733 πολὺ
698 2679 753 2742 τῆς
775 2667 937 2742 θαλάττης
967 2670 1182 2736 conserendae
1213 2674 1320 2736 essent
1341 2669 1530 2750 longiusque
1554 2685 1573 2731 ι

328 2777 532 2861 ἀπαρτᾱσθαι,
549 2773 618 2861 ὅπερ
636 2765 730 2837 ἐδόκει
749 2774 817 2860 πρὸς
835 2775 936 2845 νηίτην
966 2775 1044 2839 mali
1055 2773 1299 2856 abscedendum,
1313 2772 1397 2854 quod
1407 2771 1573 2837 navalibus

329 2878 455 2965 στρατὸν
493 2876 656 2964 ἀσύμφορον
692 2879 743 2940 καί
779 2869 936 2940 ἀδύνατον·
968 2879 1066 2959 copiis
1088 2877 1173 2943 haud
1196 2877 1466 2944 conduceretneo
1487 2881 1574 2941 certe

329 2979 424 3054 ἄλλας
453 2972 487 3044 δὲ
517 2980 604 3044 πάλιν
626 2982 677 3044 ἀπ’
700 2981 837 3044 ἐντεῦθεν
860 2984 935 3043 σίπο
965 2981 1081 3047 abillis
1095 2980 1250 3063 praestari
1266 2985 1383 3062 posset,
1399 2981 1479 3047 alias
1496 2997 1572 3046 vero

329 3084 462 3148 στέλλειν
493 3076 626 3170 δυνάμεις
656 3087 709 3148 οὐκ
742 3089 845 3172 ἔκρινεν
868 3081 938 3147 είναι
968 3103 1079 3151 rursus
1113 3083 1268 3166 Byzantio
1302 3083 1410 3166 copies
1444 3085 1574 3150 mittere

329 3187 480 3261 λυσιτελὲς
501 3179 549 3252 διά
571 3211 606 3251 τε
628 3189 665 3251 τὸ
680 3198 735 3261 τῆς
750 3189 938 3275 ἐκστρατείας
968 3187 1052 3254 hand
1075 3188 1153 3254 utile
1175 3192 1291 3269 putans
1308 3187 1347 3254 ob
1363 3187 1573 3269 expeditionis

330 3281 497 3378 δαπανηρὸν
525 3293 575 3355 καί
602 3293 658 3362 τήν
679 3293 777 3378 χρείαν
799 3291 855 3362 τὴν
877 3301 938 3355 τῶν
969 3293 1080 3358 nimios
1096 3297 1240 3374 sumptus
1256 3290 1476 3358 etOrientelis
1492 3296 1573 3356 treo-

331 3397 465 3459 ἐνταῦθα
480 3405 592 3483 χωρῶν,
607 3398 658 3458 καὶ
673 3406 797 3470 συνετῶς
813 3397 933 3478 βουλευ·
964 3401 1016 3464 tus
1038 3387 1203 3478 regionum
1226 3395 1468 3472 necessitatem,
1499 3414 1573 3476 pru·

329 3497 452 3586 σάρενος
489 3500 558 3587 πρὸς
588 3491 736 3588 Ατδοίχον
772 3500 825 3562 τδν
863 3503 938 3588 ρ’ῆγα
969 3500 1057 3565 denti
1080 3499 1208 3566 oonsilio
1227 3499 1306 3564 inito
1321 3499 1573 3588 odLndovioum

302 3657 308 3666 .
329 3601 482 3690 Φραγγίας
497 3603 614 3666 καὶτὸν
629 3603 732 3666 πάπαν
747 3595 937 3691 Ῥώμηςδια-
966 3604 1120 3670 Frauoiee
1146 3621 1255 3685 regem
1278 3607 1311 3668 et
1333 3603 1374 3668 ad
1396 3603 1574 3670 Romanum

330 3705 520 3793 πρεσβεύεται
542 3718 777 3794 συνεπικοορῆσαι
802 3720 866 3781 ταῖς
891 3709 935 3770 ἐν·
966 3707 1141 3774 antistitem
1164 3708 1287 3792 legatos
1310 3708 1422 3788 mittit,
1452 3712 1489 3772 ut
1517 3705 1575 3772 abe

329 3812 438 3882 τεῦθεν
468 3802 605 3897 δυνάμεσι
633 3813 684 3874 καὶ
713 3811 792 3898 μετὰ
822 3810 937 3874 τούτων
968 3811 1130 3877 semissis
1161 3812 1259 3893 copiis
1289 3829 1381 3893 opem
1410 3809 1517 3877 lerant
1537 3828 1576 3875 oe

329 3915 619 4000 σομπαρατοίξασθαι
633 3913 715 3977 κατὰ
729 3925 790 3978 τῶν
805 3916 834 3978 ἐν
852 3913 936 4001 Βοίρει
966 3933 1035 3980 auin
1061 3916 1107 3981 eis
1131 3915 1283 3981 adversus
1302 3913 1466 3998 Agaronos
1488 3912 1576 3978 Barii

329 4016 571 4088 κατοικησάντων
598 4017 775 4105 Ἀγαρηνῶν,
798 4017 938 4092 κελεύσας
969 4019 1062 4084 sedes
1078 4018 1234 4084 habentes
1251 4036 1388 4102 pugnam
1405 4017 1575 4096 instruant,

330 4125 380 4184 καί
402 4121 458 4194 τὰς
473 4122 563 4208 ὀλίγῳ
579 4121 707 4208 πρόσθεν
729 4122 939 4208 μνημονευθεί-
969 4123 1081 4188 lubens
1115 4126 1151 4187 ut
1181 4127 1231 4202 et,
1266 4139 1346 4203 quas
1380 4123 1477 4204 paulo
1501 4125 1578 4188 ante

331 4248 383 4298 σας
405 4225 502 4312 χώρας
534 4235 594 4287 τῶν
621 4223 803 4308 Σκλαβηνῶν
826 4248 938 4288 συνεπι-
969 4225 1225 4306 memoravimus,
1250 4223 1476 4292 Sclavenorum
1498 4243 1576 4308 gen-

330 4327 479 4410 λαβέοδαι
508 4337 563 4391 τοῦ
586 4334 679 4416 ἔργου,
702 4319 750 4392 td
772 4338 833 4392 τῶν
856 4335 937 4400 olan·
966 4335 1015 4396 tes
1030 4329 1210 4395 institutum
1227 4347 1319 4396 suum
1334 4329 1452 4408 iuvent,
1471 4335 1595 4420 tiano-¹

330 4432 424 4518 τὸρων
446 4430 596 4495 Ῥαουσίου
617 4435 667 4495 καὶ
681 4443 742 4496 τῶν
757 4432 823 4520 παρ’
839 4436 937 4507 αὐτοῖς
967 4435 1062 4499 misso
1080 4433 1211 4514 Ragueii
1226 4433 1400 4498 incolarum
1418 4451 1478 4513 ope
1495 4432 1578 4498 suie-

333 4537 480 4623 ἐγχωρίων
509 4537 618 4600 πλοίων
650 4536 869 4624 περαιωθέντας
902 4559 938 4600 το
968 4555 1031 4620 que
1046 4538 1189 4619 ipsorum
1204 4531 1339 4620 navigiis
1356 4537 1578 4602 Dalmatarum

332 4635 940 4728 πέλαγοςΔαλματῶν.“ὧνὸμοῦπάντων
969 4641 1091 4707 maii.1¹
1125 4641 1196 4708 Hoo
1217 4641 1310 4706 modo
1334 4641 1510 4708 coniunctis
1533 4643 1581 4706 vi·
