3494 5410
678 611 688 630 '
717 610 841 686 123.

159 716 278 792 anuis,
293 714 384 796 aaran

159 871 308 956 Syacdas
337 871 461 956 Spalati
488 882 670 957 ampsagam
700 872 808 956 definit
836 891 940 938 aarum
971 892 1040 956 repe
1062 871 1216 956 Stephana
1240 871 1287 938 ΙΙ.
1311 873 1395 937 litera

333 977 415 1042 inter
437 975 626 1042 abbatissam
652 977 776 1043 Cicbam
799 986 826 1042 et
848 979 963 1062 neptim
984 997 1074 1040 auam
1102 975 1222 1042 Vitam.

639 1115 751 1183 (Charta
766 1117 914 1185 suspects.)

201 1218 273 1301 Ego
295 1218 499 1301 Laurentius,
524 1219 741 1306 (spalatensis
761 1223 1026 1305 archiepiscopus,
1050 1223 1127 1288 iussi
1151 1222 1286 1289 describi
1309 1223 1389 1290 iudi-

157 1323 240 1388 cium
264 1323 449 1390 sinodaliter
461 1323 629 1392 diffinitum
646 1345 666 1392 a
686 1332 803 1393 memet
817 1327 887 1409 ipso
904 1333 936 1392 et
952 1345 971 1390 a
986 1327 1170 1409 subscriptis
1188 1329 1392 1410 coepiscopis,

158 1429 281 1496 scilicet
294 1428 448 1514 Aindrea)
472 1431 629 1497 iaderensi
645 1437 740 1512 atque
756 1431 899 1517 P(etr0)¹
915 1431 1095 1498 chroatensi
1110 1449 1203 1512 quam
1220 1431 1393 1517 Jtobanne)

158 1533 353 1617 traguriensi
376 1553 413 1600 ac
434 1533 558 1617 V(itali)
581 1535 716 1612 arbensi,
748 1553 854 1602 ceram
886 1534 1047 1618 Stephano
1070 1555 1145 1620 rege
1168 1535 1323 1603 Chroacie
1346 1538 1394 1621 (et

156 1637 336 1721 Dalmatis)
358 1645 390 1705 et
412 1639 533 1706 Jacobo
554 1640 743 1714 moristic0‚⁹
765 1639 984 1722 Firminnque³
999 1644 1104 1721 priore
1129 1641 1299 1722 rmdtisque
1322 1641 1393 1708 aliis

154 1743 318 1811 nobilibus
342 1743 553 1828 presentibus,
569 1746 602 1810 in
617 1745 751 1811 ecclesia
766 1747 867 1810 sancti
890 1745 1026 1826 Domnii,
1049 1746 1132 1812 inter
1147 1746 1281 1828 Vocem*
1296 1747 1392 1814 Medii

153 1849 275 1931 prioris
289 1846 385 1914 filiam
399 1867 436 1915 ac
448 1848 571 1916 Ciccsm
583 1849 788 1929 abbatissam,
804 1869 895 1916 suam
910 1850 1039 1933 neptim,
1057 1850 1229 1933 Vekenege
1243 1852 1391 1936 genitam.

154 1953 334 2036 Episcopus
358 1951 546 2036 Stephanus,
569 1972 645 2020 suus
667 1973 774 2036 nepus,
798 1963 832 2022 et
854 1954 989 2039 Medius,
1014 1955 1155 2020 eiusdem
1177 1975 1284 2038 gener,
1306 1956 1391 2023 Nici-

154 2055 348 2136 torrenter,
372 2058 526 2125 aduersus
539 2057 664 2125 Ciccam
687 2060 732 2124 sic
752 2059 979 2142 interpellabat
1000 2078 1037 2125 ex
1060 2067 1150 2142 parte
1167 2060 1251 2143 Vece
1276 2061 1392 2147 dicans,

155 2181 191 2228 se
216 2179 274 2244 pro
297 2181 336 2228 ea
364 2161 499 2228 subiisse
529 2161 671 2230 debitum
701 2187 791 2229 xm
822 2164 1011 2244 solidarum
1041 2165 1171 2246 insuper
1200 2167 1240 2232 eb
1271 2167 1303 2231 id
1336 2185 1394 2232 sua

156 2267 292 2350 pignera
314 2265 449 2334 dedisse.
484 2265 604 2344 Quibus
627 2287 645 2334 e
668 2274 778 2335 contra
801 2267 991 2351 Gregorius,
1022 2269 1156 2351 predicti
1179 2270 1276 2335 bladii
1299 2269 1391 2349 tilius,

153 2389 214 2454 pra
236 2369 361 2453 prefata
383 2372 560 2438 abbatissa⁵
580 2373 626 2438 sic
648 2374 874 2456 respondebat:
899 2393 933 2438 se
950 2373 990 2438 ab
1005 2393 1044 2440 ea
1058 2375 1102 2439 nil
1118 2377 1285 2457 accepisse,
1309 2375 1391 2443 filius

154 2475 369 2542 enumerando
401 2495 564 2555 surarum,
596 2495 659 2543 una
681 2497 751 2544 cum
776 2497 815 2543 ea
843 2497 900 2559 pro
931 2483 1022 2560 perte
1051 2478 1180 2556 domus,
1213 2497 1306 2560 quam
1329 2499 1392 2546 nen

152 2581 324 2659 habuerat,
348 2581 481 2663 pignora
503 2581 662 2664 possuisse
685 2589 718 2648 et
739 2584 770 2646 in
794 2583 906 2648 ecdem
924 2581 1050 2661 iratres,
1069 2601 1210 2649 serarum
1224 2583 1314 2670 filios,
1332 2586 1394 2650 sibi

155 2685 230 2750 illos
252 2707 343 2749 uxr
366 2685 512 2770 (solidus)
536 2686 678 2766 dedisse3
703 2688 742 2752 ab
766 2687 820 2751 illu
842 2706 921 2752 uere
945 2687 1069 2770 penitus
1092 2687 1196 2768 nichil,
1221 2689 1288 2768 sed,
1311 2691 1393 2755 sicut

154 2790 195 2855 ab
220 2789 297 2872 aliis,
323 2789 482 2871 accepisse
506 2790 626 2871 absque
642 2791 768 2875 placito,
793 2792 913 2872 absque
929 2795 1062 2859 terminu
1087 2811 1143 2873 pro
1171 2799 1262 2874 purte
1278 2794 1390 2861 domus

153 2917 247 2958 xxxx
269 2893 397 2960 solidos.
420 2894 464 2959 Et
479 2893 539 2960 hec
554 2896 715 2961 abbatissa
742 2895 947 2961 confirmabat
973 2897 1124 2962 testibus:
1149 2897 1263 2964 dnnrno
1283 2897 1389 2965 Madia

152 2999 312 3066 inderensi
335 2998 555 3065 archidiacone
578 3005 612 3065 et
632 2999 794 3065 Dominicu
818 3000 1005 3085 Ticssrtinefl
1028 3021 1047 3065 a
1070 3002 1182 3083 quibus
1201 3003 1233 3066 in
1250 3003 1387 3069 medium

152 3104 298 3170 deductis
322 3103 407 3168 dicta
428 3103 590 3170 abbatisse
613 3109 688 3170 sunt
718 3103 910 3170 confirmata.
944 3105 1065 3183 Quibus
1096 3107 1141 3170 sic
1170 3107 1388 3184 iudicauimus,

152 3214 188 3273 ut
213 3225 252 3272 ea
273 3207 415 3290 pignora,
452 3226 512 3290 que
536 3209 695 3274 abbatisse
726 3209 757 3272 ui
788 3209 896 3274 ablata
925 3217 1008 3288 sunt,
1038 3209 1220 3286 reddantur,
1245 3217 1277 3276 et
1299 3236 1389 3276 xxxx

151 3312 273 3379 solidos
296 3314 474 3394 partiturae,
510 3331 544 3378 se
567 3313 654 3394 ipsos
677 3321 896 3398 numeranteS,
927 3316 995 3380 siue
1019 3315 1058 3381 de
1081 3315 1147 3379 suis
1171 3316 1307 3398 propriis
1331 3337 1388 3383 seu

149 3417 191 3483 de
216 3417 373 3482 cummuni
395 3415 548 3482 iacientes
570 3417 631 3497 eis,
654 3419 705 3483 cui
728 3418 906 3498 subiacent,
929 3419 1079 3499 reddant;
1109 3419 1166 3486 bec
1188 3439 1264 3487 uero
1287 3440 1387 3501 suam,

148 3528 247 3604 prout
271 3521 332 3586 sibi
356 3519 431 3586 data
452 3527 511 3603 est,
535 3527 645 3588 teneat
666 3528 798 3604 partem.

117 3699 126 3709 ,
240 3645 409 3722 Registrnm
424 3646 545 3708 membr.
561 3647 590 3704 in
606 3647 727 3706 archivo
742 3648 910 3708 monialium
926 3665 949 3708 s.
966 3648 1078 3708 Marisa
1093 3647 1220 3709 iaderae
1236 3649 1286 3710 nu.
1303 3653 1340 3711 19
1357 3651 1386 3712 b.

195 3735 312 3879 wege
330 3819 401 3895 dipl.
419 3817 501 3879 esu.
518 3820 541 3896 1,
562 3822 632 3880 rer.

240 3907 387 3982 Tempus,
408 3923 471 3993 ¹quo
487 3906 590 3966 charta
604 3907 684 3967 edita
699 3912 794 3986 asset,
823 3908 977 3969 deducitur
996 3928 1012 3970 e
1032 3909 1173 3986 regimine
1189 3910 1330 3986 Stephani
1347 3913 1385 3989 11,

192 3995 376 4054 successoris
390 3993 469 4069 regis
486 3993 641 4054 Svinimiri.

238 4097 350 4159 Charta
373 4098 459 4158 valde
481 4099 605 4178 vitiasa3
628 4100 784 4160 verborum
808 4101 897 4179 orda,
921 4103 1080 4177 praecipue
1103 4101 1169 4160 inde
1193 4119 1210 4160 a
1229 4101 1387 4177 „quibuse

193 4179 501 4248 contra—solidos“
519 4186 764 4266 adsumsimus,
789 4193 821 4246 ut
843 4205 946 4247 sensus
968 4187 1125 4248 difficulter
1144 4193 1272 4248 eruatur.
1296 4189 1387 4249 Plura

195 4272 314 4348 adsunt,
332 4289 408 4348 quae
424 4271 500 4334 hanc
515 4272 646 4334 clrartsm
662 4274 788 4334 reddunt
804 4281 986 4350 suspectam:
1007 4277 1032 4335 si
1048 4275 1214 4352 Stephanus
1229 4277 1386 4352 episcopus

193 4359 327 4420 eiusdem
350 4359 475 4419 nominis
496 4362 613 4436 praesul
637 4361 764 4421 Jaderae
786 4363 1047 4439 subintelligendus
1064 4368 1116 4439 est,
1140 4379 1229 4438 quum
1246 4363 1387 4438 incapite

193 4447 385 4508 membranae
400 4445 535 4506 Andreas
555 4448 684 4508 eiusdem
708 4449 786 4508 sedis
809 4451 965 4525 episcopus
987 4450 1166 4520 adducatur,
1189 4451 1271 4526 prior
1292 4452 1386 4526 potuit

192 4539 319 4609 mutum,
336 4535 360 4593 si
377 4533 510 4608 dignitati
533 4535 753 4613 resigpaverat,
777 4554 876 4597 coram
899 4536 1005 4597 iudicio
1021 4543 1103 4596 actor
1118 4554 1308 4615 comparer03
1335 4555 1385 4613 ge·

193 4621 349 4698 nantogica
365 4625 520 4697 praeterea
536 4622 627 4681 series
641 4623 679 4682 ab
695 4625 789 4682 altera
804 4625 833 4681 in
849 4622 952 4684 charta
967 4641 994 4682 a.
1011 4627 1091 4684 1066
1110 4631 1139 4682 et
1159 4627 1237 4683 1091
1256 4622 1313 4702 (nr.
1331 4625 1383 4702 50,

196 4706 271 4788 128)
288 4708 425 4784 exposita
440 4707 609 4785 discrepare
625 4709 757 4790 videtur3
781 4711 929 4786 prioratus
951 4711 1068 4772 tandem
1084 4711 1214 4771 Fermini
1235 4709 1293 4770 hec
1313 4715 1376 4771 tem

1264 4808 1282 4848 s
