3520 5422
327 675 356 717 u.
385 659 454 718 870.
477 652 591 740 Legati
613 653 770 738 pontificis
793 651 947 717 Hadriani
962 651 997 718 Π
1011 653 1043 717 16
1059 651 1161 718 reditu
1184 652 1268 719 Con·

285 739 490 828 stantinopoli
507 740 655 814 Romam,
678 739 857 824 Dyrrachio
881 742 912 804 in
935 739 1061 806 Italiam
1083 741 1269 826 navigantes

286 827 427 894 incidunt
451 831 502 914 „in
524 825 713 894 Sclavorum
740 825 872 892 manua“
1292 835 1355 891 360

327 935 356 977 6.
383 921 446 976 871.
470 914 625 979 Patricius
653 913 785 979 Nicetes
792 965 800 995 ,
832 914 1007 998 legatorum
1037 913 1269 1000 pontificiorum

284 1003 497 1153 ί611601161161666
519 1000 745 1082 vindicaturus,
772 995 996 1086 „Sclaveniae“
1017 1009 1134 1065 terram
1156 1023 1268 1090 aggre-

307 1091 368 1154 'tur
1291 1093 1352 1151 361

326 1194 355 1238 0.
383 1181 446 1258 871,
471 1181 509 1232 10
529 1195 598 1238 noo.
629 1175 719 1258 Papa
747 1173 930 1239 Hadrianus
959 1173 994 1238 II
1024 1173 1152 1258 Basilio,
1185 1173 1267 1241 Gon-

285 1263 423 1326 stantino
446 1271 478 1327 et
492 1262 590 1328 Leoni
613 1261 865 1347 imperatoribus,
881 1261 1002 1346 legatos
1022 1283 1095 1326 suos
1110 1262 1143 1325 in
1158 1263 1269 1330 itinere

281 1346 473 1434 despoliatos
496 1349 606 1432 fuisse,
629 1350 832 1435 conqueritur
1292 1353 1354 1411 363

197 1435 220 1496 l.
236 1436 333 1498 stt-s
357 1433 540 1501 Sirmiensis
569 1458 627 1521 pro
658 1435 843 1500 Pannoniae
874 1429 979 1499 Slavis
1002 1436 1198 1521 episcopatus
1220 1457 1267 1500 re·

240 1525 418 1588 suscitatus.
443 1546 490 1587 nr.
517 1527 589 1587 183.
1378 1525 1440 1585 367

325 1607 415 1694 Papa
437 1607 620 1674 Hadrianus
643 1606 679 1672 II
699 1609 864 1674 resuscitat
886 1606 1049 1672 ecclesiam
1072 1609 1266 1693 pannonien-

283 1697 472 1775 aemonius
502 1694 592 1761 sedes
622 1695 783 1781 quondam
814 1691 966 1762 Sirmium
989 1703 1069 1774 erat,
1102 1692 1267 1782 eidemque
1425 1739 1428 1746 ·

282 1781 481 1847 Methodium
525 1781 646 1847 raeficit
1290 1786 1352 1845 367

196 1870 219 1930 1.
234 1869 360 1932 111-111.
384 1869 470 1935 Novi
498 1805 710 1933 dhroatorum
739 1867 919 1933 Dalmatiae
942 1890 1013 1932 cum
1037 1865 1168 1933 Venetis
1192 1889 1266 1933 con·

238 1953 350 2020 flletus.
375 1955 542 2022 chroatiae
565 1954 630 2021 dux
653 1954 824 2042 Domogoj‚
848 1964 920 2040 post
942 1957 1030 2019 euius
1053 1955 1174 2020 obitum
1200 1977 1265 2042 pax

237 2044 320 2108 inter
342 2041 497 2108 Obroatos
521 2053 552 2108 et
573 2042 724 2107 Venetos.
749 2063 797 2105 ur.
824 2045 894 2104 182.
1374 2047 1436 2106 363

323 2150 347 2194 c.
371 2148 401 2193 u.
428 2135 497 2192 816.
528 2127 618 2196 Slavi
641 2127 834 2214 Oaprulense
865 2137 1003 2192 castrum
1033 2126 1266 2213 depraedantur
1288 2135 1350 2194 363

323 2236 353 2280 u.
379 2221 554 2282 836—864.
587 2213 675 2281 Slavi
704 2236 829 2280 marcae
852 2214 1061 2280 foroiuliensis
1090 2225 1190 2281 terras
1218 2219 1263 2280 in·

282 2304 399 2368 festant
1288 2310 1351 2368 364

323 2411 353 2452 0.
379 2397 437 2450 865
485 2396 511 2454 6.
536 2389 605 2454 Pax
625 2390 708 2453 iuter
723 2387 891 2454 Obroatiae
913 2387 1086 2472 prinoipem
1101 2388 1264 2475 Domogo·

278 2477 345 2558 jum
369 2488 401 2542 61
423 2474 630 2541 Venetiarum
654 2474 765 2540 ducem
788 2474 910 2542 Ursum
933 2473 1143 2540 Particiacum
1288 2483 1351 2540 364

323 2584 352 2626 0.
379 2568 446 2628 872,
483 2559 635 2629 Saraceni
669 2561 872 2628 Braoieusem
906 2561 1084 2626 Dalmatiae
1117 2563 1262 2645 insulam,

282 2647 370 2714 Slavi
394 2649 505 2714 Istriae
528 2651 598 2715 loca
620 2649 783 2727 invadunt,
804 2648 1007 2733 Venetosque
1029 2649 1176 2715 occidunt
1287 2655 1349 2714 365

324 2757 402 2800 cu.
429 2743 496 2800 875.
521 2736 693 2801 Dalmatiui
716 2745 748 2800 et
770 2735 899 2800 Chroati
921 2734 1049 2800 Istriam
1074 2736 1187 2801 iterum
1211 2737 1262 2802 de·

282 2823 475 2908 praedantur
1286 2829 1348 2886 366

322 2929 352 2973 α.
378 2917 448 2973 876.
472 2909 599 2973 Mortuo
622 2907 701 2974 duce
717 2909 874 2994 Domogoj
892 2906 1007 2973 Veneti
1031 2931 1101 2972 cum
1117 2909 1261 2975 Obroatis

279 2996 460 3062 Dalmatiae
481 3017 592 3081 paoem
614 2999 724 3061 ineunt
1285 3002 1347 3059 366

189 3081 533 3149 66111-11060666
562 3103 645 3168 papa
676 3081 756 3146 VlIl
787 3081 870 3146 clero
902 3091 933 3146 et
961 3080 1063 3146 ordini
1086 3083 1261 3148 salonitano

236 3171 401 3257 significat,
426 3193 460 3235 66
483 3169 696 3256 praesbyteris
724 3179 865 3254 tempore
893 3167 1017 3232 Nicolai
1040 3167 1057 3232 Ι
1080 3191 1261 3234 exeommu-

236 3259 344 3322 nicatis
367 3257 522 3322 nonnulla
543 3257 754 3342 poenitentiae
771 3277 868 3341 opera
889 3255 1092 3320 commisisse.
1115 3278 1162 3320 nr.
1185 3260 1257 3318 146.
1370 3261 1432 3318 186

190 3345 332 3406 1.111-1.
355 3344 444 3430 Papa
472 3342 617 3409 Joannes
638 3342 735 3407 VIII.
767 3341 976 3407 Obroatorum
1006 3341 1117 3406 ducem
1139 3341 1261 3407 Domo-

235 3432 344 3517 gojum
371 3431 525 3514 hortatur,
556 3438 592 3493 ut
621 3431 739 3515 piratas
766 3431 968 3513 comprimat:
1006 3427 1088 3511 „Qui
1121 3431 1261 3513 erimina,

235 3539 316 3604 quae
349 3525 454 3602 potest
484 3515 661 3601 emendare,
692 3539 757 3582 non
786 3517 930 3600 corrigit,
961 3516 1028 3599 ipse
1063 3515 1259 3580 committit“.

235 3625 282 3668 nr.
306 3607 335 3665 3.
1414 3609 1432 3666 6

189 3693 213 3754 1.
230 3692 330 3752 111-6.
353 3688 529 3754 Dalmatini
544 3698 576 3753 et
591 3688 720 3754 Obroati
743 3691 856 3755 iterum
877 3697 1056 3776 agnoscunt
1079 3709 1261 3774 supremum

234 3776 395 3842 orientalis
407 3775 622 3840 Romanorum
638 3778 759 3861 imperii
775 3775 956 3841 dominium.
973 3774 1151 3840 Dalmatiae
1165 3776 1260 3840 urbes

235 3861 402 3929 Obroatiae
417 3862 552 3949 principi
566 3861 717 3927 tributum
732 3863 884 3948 pendunt.
900 3861 1080 3927 Dalmatiae
1096 3870 1128 3926 et
1138 3861 1258 3926 Obroa-

233 3951 295 4016 tiae
316 3949 357 4015 ad
380 3947 751 4034 constantinopolitanam
771 3949 933 4014 ecclesiam
948 3951 1095 4013 accessio.
1119 3951 1256 4014 66184.

186 4039 211 4100 l.
228 4039 271 4099 111.
294 4033 449 4102 Sedeslav
470 4035 588 4100 auxilio
618 4036 814 4121 imperatoris
842 4033 951 4101 Basilii
982 4033 1019 4100 fit
1050 4033 1260 4100 Chroatorum

233 4122 307 4189 dux.
332 4147 378 4188 nr.
409 4125 477 4186 185.

185 4211 420 4282 1111116661
443 4208 570 4273 Foedus
592 4210 675 4272 inter
697 4204 838 4272 Venetos
869 4216 900 4272 et
929 4206 1028 4272 Italos
1051 4216 1161 4272 contra
1182 4207 1259 4272 Dal·

232 4298 346 4362 matiae
370 4294 494 4360 Slavos.
519 4318 566 4359 nr.
595 4299 665 4357 186.

185 4387 210 4447 l.
227 4385 272 4454 111,
287 4385 358 4446 initio.
383 4383 471 4468 Papa
493 4381 635 4447 Joanuea
659 4379 744 4445 VIII
768 4379 950 4460 Sedeslavo,
979 4381 1084 4445 comiti
1108 4380 1259 4446 Chresto·

233 4492 313 4551 rum,
337 4469 475 4552 mandat,
506 4477 542 4533 ut
571 4468 710 4555 legatum
734 4489 825 4531 suum
849 4467 888 4532 ad
911 4465 1110 4549 Michaelem,
1140 4467 1258 4554 Bulga·

232 4578 339 4622 rorum
361 4577 480 4644 regem,
503 4554 721 4620 deducendum
744 4563 841 4618 curet.
865 4576 911 4617 nr.
936 4559 966 4617 4.

184 4649 210 4709 l.
227 4645 273 4706 tu.
295 4641 456 4709 Brauimir
478 4642 615 4708 succedit
639 4639 826 4723 Sedeslavo‚
857 4648 951 4726 atque
982 4640 1162 4707 Obroatiam
1193 4638 1258 4704 sedi

233 4751 382 4796 romanae
404 4729 593 4795 reconciliat.
617 4751 664 4794 nr.
692 4731 762 4790 187.
