<?xml version="1.0" encoding="UTF-8"?>
<!DOCTYPE html PUBLIC "-//W3C//DTD XHTML 1.0 Transitional//EN"
    "http://www.w3.org/TR/xhtml1/DTD/xhtml1-transitional.dtd">
<html xmlns="http://www.w3.org/1999/xhtml" xml:lang="en" lang="en">
 <head>
  <title>
</title>
<meta http-equiv="Content-Type" content="text/html;charset=utf-8" />
  <meta name='ocr-system' content='tesseract 3.04.00' />
  <meta name='ocr-capabilities' content='ocr_page ocr_carea ocr_par ocr_line ocrx_word'/>
</head>
<body>
  <div class='ocr_page' id='page_1' title='image "./documentahistor00ragoog_0184.png"; bbox 0 0 3494 5410; ppageno 0'>
   <div class='ocr_carea' id='block_1_1' title="bbox 263 233 321 293">
    <p class='ocr_par' dir='ltr' id='par_1_1' title="bbox 263 233 321 293">
     <span class='ocr_line' id='line_1_1' title="bbox 263 233 321 293; baseline -0.017 0"><span class='ocrx_word' id='word_1_1' title='bbox 263 233 321 293; x_wconf 82' lang='lat'>152</span> 
     </span>
    </p>
   </div>
   <div class='ocr_carea' id='block_1_2' title="bbox 259 430 1498 938">
    <p class='ocr_par' dir='ltr' id='par_1_2' title="bbox 259 430 1498 938">
     <span class='ocr_line' id='line_1_2' title="bbox 259 430 1494 504; baseline -0.003 -15"><span class='ocrx_word' id='word_1_2' title='bbox 259 435 349 504; x_wconf 87' lang='lat' dir='ltr'>donja.</span> <span class='ocrx_word' id='word_1_3' title='bbox 366 433 418 488; x_wconf 89' lang='lat' dir='ltr'>Die</span> <span class='ocrx_word' id='word_1_4' title='bbox 437 433 553 501; x_wconf 78' lang='lat' dir='ltr'>Bildung</span> <span class='ocrx_word' id='word_1_5' title='bbox 570 431 619 488; x_wconf 89' lang='lat' dir='ltr'>der</span> <span class='ocrx_word' id='word_1_6' title='bbox 636 431 770 490; x_wconf 76' lang='lat' dir='ltr'>Ortonam.</span> <span class='ocrx_word' id='word_1_7' title='bbox 789 447 838 488; x_wconf 84' lang='lat' dir='ltr'>aus</span> <span class='ocrx_word' id='word_1_8' title='bbox 855 435 1099 488; x_wconf 77' lang='lat' dir='ltr'>Pomonennamen.</span> <span class='ocrx_word' id='word_1_9' title='bbox 1113 449 1153 487; x_wconf 91' lang='lat' dir='ltr'>nr.</span> <span class='ocrx_word' id='word_1_10' title='bbox 1172 433 1235 486; x_wconf 76' lang='lat'>249.</span> <span class='ocrx_word' id='word_1_11' title='bbox 1253 430 1382 500; x_wconf 77' lang='lat' dir='ltr'>Rndunid,</span> <span class='ocrx_word' id='word_1_12' title='bbox 1406 445 1494 502; x_wconf 78' lang='lat' dir='ltr'>pegus</span> 
     </span>
     <span class='ocr_line' id='line_1_3' title="bbox 261 519 1494 590; baseline -0.004 -13"><span class='ocrx_word' id='word_1_13' title='bbox 261 522 408 577; x_wconf 86' lang='lat' dir='ltr'>communie</span> <span class='ocrx_word' id='word_1_14' title='bbox 426 519 563 576; x_wconf 74' lang='lat' dir='ltr'>Maiensis</span> <span class='ocrx_word' id='word_1_15' title='bbox 580 521 610 574; x_wconf 94' lang='lat' dir='ltr'>in</span> <span class='ocrx_word' id='word_1_16' title='bbox 627 519 752 575; x_wconf 84' lang='lat' dir='ltr'>districtu</span> <span class='ocrx_word' id='word_1_17' title='bbox 770 520 926 590; x_wconf 76' lang='lat' dir='ltr'><strong>spalatensi.</strong></span> <span class='ocrx_word' id='word_1_18' title='bbox 952 519 1063 576; x_wconf 76' lang='lat' dir='ltr'>Metel:</span> <span class='ocrx_word' id='word_1_19' title='bbox 1088 519 1258 589; x_wconf 84' lang='lat' dir='ltr'>Repertorio.</span> <span class='ocrx_word' id='word_1_20' title='bbox 1280 519 1352 574; x_wconf 82' lang='lat' dir='ltr'>Zure</span> <span class='ocrx_word' id='word_1_21' title='bbox 1371 521 1446 574; x_wconf 81' lang='lat'>1872.</span> <span class='ocrx_word' id='word_1_22' title='bbox 1464 535 1494 588; x_wconf 90' lang='lat' dir='ltr'>p.</span> 
     </span>
     <span class='ocr_line' id='line_1_4' title="bbox 264 605 1495 676; baseline -0.002 -13"><span class='ocrx_word' id='word_1_23' title='bbox 264 611 307 663; x_wconf 81' lang='lat'>32.</span> <span class='ocrx_word' id='word_1_24' title='bbox 379 607 477 662; x_wconf 80' lang='lat' dir='ltr'>⁵male</span> <span class='ocrx_word' id='word_1_25' title='bbox 496 607 673 676; x_wconf 83' lang='lat' dir='ltr'>„conseglio“.</span> <span class='ocrx_word' id='word_1_26' title='bbox 746 607 756 638; x_wconf 74' lang='lat'>⁶</span> <span class='ocrx_word' id='word_1_27' title='bbox 776 605 929 676; x_wconf 79' lang='lat' dir='ltr'>„Agraiisto</span> <span class='ocrx_word' id='word_1_28' title='bbox 948 606 981 660; x_wconf 84' lang='lat' dir='ltr'>da</span> <span class='ocrx_word' id='word_1_29' title='bbox 998 606 1090 673; x_wconf 84' lang='lat' dir='ltr'>Bari“,</span> <span class='ocrx_word' id='word_1_30' title='bbox 1108 607 1180 674; x_wconf 90' lang='lat' dir='ltr'>quod</span> <span class='ocrx_word' id='word_1_31' title='bbox 1198 607 1264 661; x_wconf 88' lang='lat' dir='ltr'>adeo</span> <span class='ocrx_word' id='word_1_32' title='bbox 1282 612 1437 676; x_wconf 86' lang='lat' dir='ltr'>corruptum</span> <span class='ocrx_word' id='word_1_33' title='bbox 1453 606 1495 661; x_wconf 79' lang='lat' dir='ltr'>vi-</span> 
     </span>
     <span class='ocr_line' id='line_1_5' title="bbox 261 691 1498 764; baseline -0.002 -15"><span class='ocrx_word' id='word_1_34' title='bbox 261 694 348 762; x_wconf 87' lang='lat' dir='ltr'>detur,</span> <span class='ocrx_word' id='word_1_35' title='bbox 368 702 398 749; x_wconf 86' lang='lat' dir='ltr'>ut</span> <span class='ocrx_word' id='word_1_36' title='bbox 415 695 503 750; x_wconf 81' lang='lat' dir='ltr'>textui</span> <span class='ocrx_word' id='word_1_37' title='bbox 521 695 604 750; x_wconf 87' lang='lat' dir='ltr'>inseri</span> <span class='ocrx_word' id='word_1_38' title='bbox 623 710 677 748; x_wconf 94' lang='lat' dir='ltr'>non</span> <span class='ocrx_word' id='word_1_39' title='bbox 695 694 790 764; x_wconf 79' lang='lat' dir='ltr'><strong>possit.</strong></span> <span class='ocrx_word' id='word_1_40' title='bbox 880 693 890 723; x_wconf 90' lang='lat'>⁷</span> <span class='ocrx_word' id='word_1_41' title='bbox 910 691 951 748; x_wconf 77' lang='lat' dir='ltr'>af.</span> <span class='ocrx_word' id='word_1_42' title='bbox 969 693 1100 762; x_wconf 74' lang='lat' dir='ltr'>Beni-voi,</span> <span class='ocrx_word' id='word_1_43' title='bbox 1126 693 1268 750; x_wconf 80' lang='lat' dir='ltr'>Beni-slav.</span> <span class='ocrx_word' id='word_1_44' title='bbox 1287 692 1339 748; x_wconf 90' lang='lat' dir='ltr'>Die</span> <span class='ocrx_word' id='word_1_45' title='bbox 1358 693 1429 748; x_wconf 90' lang='lat' dir='ltr'>Bild.</span> <span class='ocrx_word' id='word_1_46' title='bbox 1447 691 1498 748; x_wconf 87' lang='lat' dir='ltr'>der</span> 
     </span>
     <span class='ocr_line' id='line_1_6' title="bbox 262 779 1496 852; baseline -0.003 -16"><span class='ocrx_word' id='word_1_47' title='bbox 262 783 327 836; x_wconf 83' lang='lat' dir='ltr'>slav.</span> <span class='ocrx_word' id='word_1_48' title='bbox 348 781 555 838; x_wconf 85' lang='lat' dir='ltr'>Pereonennam.</span> <span class='ocrx_word' id='word_1_49' title='bbox 574 799 615 836; x_wconf 90' lang='lat' dir='ltr'>nr.</span> <span class='ocrx_word' id='word_1_50' title='bbox 634 786 659 837; x_wconf 91' lang='lat'>6.</span> <span class='ocrx_word' id='word_1_51' title='bbox 678 781 799 851; x_wconf 78' lang='lat' dir='ltr'>Analoge</span> <span class='ocrx_word' id='word_1_52' title='bbox 819 779 1003 852; x_wconf 79' lang='lat' dir='ltr'>,Bari-dnag“.</span> <span class='ocrx_word' id='word_1_53' title='bbox 1076 781 1087 812; x_wconf 84' lang='lat'>⁸</span> <span class='ocrx_word' id='word_1_54' title='bbox 1105 780 1144 836; x_wconf 85' lang='lat' dir='ltr'>Cl.</span> <span class='ocrx_word' id='word_1_55' title='bbox 1163 779 1324 850; x_wconf 79' lang='lat' dir='ltr'>Bruto-ljub,</span> <span class='ocrx_word' id='word_1_56' title='bbox 1342 779 1496 848; x_wconf 76' lang='lat' dir='ltr'>Bruto-mil,</span> 
     </span>
     <span class='ocr_line' id='line_1_7' title="bbox 262 867 809 938; baseline -0.002 -16"><span class='ocrx_word' id='word_1_57' title='bbox 262 867 439 938; x_wconf 82' lang='lat' dir='ltr'>Draga-brat,</span> <span class='ocrx_word' id='word_1_58' title='bbox 457 869 606 934; x_wconf 58' lang='lat' dir='ltr'>Milo-,brat</span> <span class='ocrx_word' id='word_1_59' title='bbox 625 869 690 924; x_wconf 87' lang='lat' dir='ltr'>ibid.</span> <span class='ocrx_word' id='word_1_60' title='bbox 709 885 749 924; x_wconf 90' lang='lat' dir='ltr'>nr.</span> <span class='ocrx_word' id='word_1_61' title='bbox 771 871 809 922; x_wconf 87' lang='lat'>18.</span> 
     </span>
    </p>
   </div>
   <div class='ocr_carea' id='block_1_3' title="bbox 264 1095 944 1265">
    <p class='ocr_par' dir='ltr' id='par_1_3' title="bbox 264 1095 944 1265">
     <span class='ocr_line' id='line_1_8' title="bbox 819 1095 944 1171; baseline -0.016 0"><span class='ocrx_word' id='word_1_62' title='bbox 819 1095 944 1171; x_wconf 79' lang='lat'>126.</span> 
     </span>
     <span class='ocr_line' id='line_1_9' title="bbox 264 1202 391 1265; baseline 0.008 -2"><span class='ocrx_word' id='word_1_63' title='bbox 264 1202 284 1263; x_wconf 88' lang='grc' dir='ltr'>ι.</span> <span class='ocrx_word' id='word_1_64' title='bbox 301 1221 320 1263; x_wconf 70' lang='grc' dir='ltr'>ι.</span> <span class='ocrx_word' id='word_1_65' title='bbox 336 1203 391 1265; x_wconf 80' lang='lat' dir='ltr'>roro.</span> 
     </span>
    </p>
   </div>
   <div class='ocr_carea' id='block_1_4' title="bbox 264 1339 1603 1616">
    <p class='ocr_par' dir='ltr' id='par_1_4' title="bbox 264 1339 1603 1616">
     <span class='ocr_line' id='line_1_10' title="bbox 264 1339 1496 1426; baseline 0.002 -22"><span class='ocrx_word' id='word_1_66' title='bbox 264 1339 437 1426; x_wconf 70' lang='lat' dir='ltr'><em>Stephanus</em></span> <span class='ocrx_word' id='word_1_67' title='bbox 459 1339 502 1404; x_wconf 88' lang='lat' dir='ltr'>II</span> <span class='ocrx_word' id='word_1_68' title='bbox 519 1362 576 1405; x_wconf 80' lang='lat' dir='ltr'>ree</span> <span class='ocrx_word' id='word_1_69' title='bbox 597 1340 758 1424; x_wconf 79' lang='lat' dir='ltr'>confirmat</span> <span class='ocrx_word' id='word_1_70' title='bbox 779 1343 829 1406; x_wconf 81' lang='lat' dir='ltr'>sui</span> <span class='ocrx_word' id='word_1_71' title='bbox 850 1343 959 1426; x_wconf 83' lang='lat' dir='ltr'>patrui</span> <span class='ocrx_word' id='word_1_72' title='bbox 981 1341 1064 1426; x_wconf 70' lang='lat' dir='ltr'>repis</span> <span class='ocrx_word' id='word_1_73' title='bbox 1090 1339 1252 1404; x_wconf 83' lang='lat' dir='ltr'>Oresimiri</span> <span class='ocrx_word' id='word_1_74' title='bbox 1281 1339 1496 1406; x_wconf 80' lang='lat' dir='ltr'>donatiorrolca</span> 
     </span>
     <span class='ocr_line' id='line_1_11' title="bbox 266 1442 1603 1531; baseline 0 -23"><span class='ocrx_word' id='word_1_75' title='bbox 266 1445 305 1508; x_wconf 87' lang='lat' dir='ltr'>de</span> <span class='ocrx_word' id='word_1_76' title='bbox 334 1445 397 1510; x_wconf 88' lang='lat' dir='ltr'>loeo</span> <span class='ocrx_word' id='word_1_77' title='bbox 426 1445 595 1512; x_wconf 79' lang='lat' dir='ltr'><em>molendini</em></span> <span class='ocrx_word' id='word_1_78' title='bbox 623 1445 755 1514; x_wconf 80' lang='lat' dir='ltr'>Salonas</span> <span class='ocrx_word' id='word_1_79' title='bbox 784 1445 1189 1531; x_wconf 58' lang='lat' dir='ltr'>numerumnunerum</span> <span class='ocrx_word' id='word_1_80' title='bbox 1213 1465 1313 1530; x_wconf 84' lang='lat' dir='ltr'>prope</span> <span class='ocrx_word' id='word_1_81' title='bbox 1335 1442 1502 1530; x_wconf 69' lang='lat' dir='ltr'>Spdotom</span> <span class='ocrx_word' id='word_1_82' title='bbox 1600 1465 1603 1471; x_wconf 88' lang='lat'>·</span> 
     </span>
     <span class='ocr_line' id='line_1_12' title="bbox 345 1570 962 1616; baseline -0.015 7"><span class='ocrx_word' id='word_1_83' title='bbox 345 1587 347 1592; x_wconf 31' lang='lat' dir='ltr'>v</span> <span class='ocrx_word' id='word_1_84' title='bbox 796 1570 962 1616; x_wconf 81' lang='lat' dir='ltr'>concessos.</span> 
     </span>
    </p>
   </div>
   <div class='ocr_carea' id='block_1_5' title="bbox 265 1669 1502 2786">
    <p class='ocr_par' dir='ltr' id='par_1_5' title="bbox 265 1669 1502 2384">
     <span class='ocr_line' id='line_1_13' title="bbox 308 1669 1500 1758; baseline 0 -22"><span class='ocrx_word' id='word_1_85' title='bbox 308 1671 351 1737; x_wconf 81' lang='lat' dir='ltr'>Et</span> <span class='ocrx_word' id='word_1_86' title='bbox 371 1672 402 1737; x_wconf 94' lang='lat' dir='ltr'>io</span> <span class='ocrx_word' id='word_1_87' title='bbox 425 1669 572 1758; x_wconf 75' lang='lat' dir='ltr'><strong>stefano,</strong></span> <span class='ocrx_word' id='word_1_88' title='bbox 596 1673 713 1738; x_wconf 83' lang='lat' dir='ltr'>herede</span> <span class='ocrx_word' id='word_1_89' title='bbox 737 1673 787 1739; x_wconf 94' lang='lat' dir='ltr'>del</span> <span class='ocrx_word' id='word_1_90' title='bbox 804 1692 868 1739; x_wconf 91' lang='lat' dir='ltr'>me·</span> <span class='ocrx_word' id='word_1_91' title='bbox 941 1673 985 1739; x_wconf 85' lang='lat' dir='ltr'>Et</span> <span class='ocrx_word' id='word_1_92' title='bbox 1000 1690 1059 1754; x_wconf 85' lang='lat' dir='ltr'>ego</span> <span class='ocrx_word' id='word_1_93' title='bbox 1077 1671 1265 1753; x_wconf 79' lang='lat' dir='ltr'>Stephanus,</span> <span class='ocrx_word' id='word_1_94' title='bbox 1290 1671 1342 1738; x_wconf 94' lang='lat' dir='ltr'>dei</span> <span class='ocrx_word' id='word_1_95' title='bbox 1365 1669 1500 1737; x_wconf 89' lang='lat' dir='ltr'>clemen-</span> 
     </span>
     <span class='ocr_line' id='line_1_14' title="bbox 266 1774 1501 1862; baseline -0.002 -20"><span class='ocrx_word' id='word_1_96' title='bbox 266 1777 357 1842; x_wconf 90' lang='lat' dir='ltr'>demo</span> <span class='ocrx_word' id='word_1_97' title='bbox 381 1778 443 1843; x_wconf 90' lang='lat' dir='ltr'>mio</span> <span class='ocrx_word' id='word_1_98' title='bbox 466 1778 515 1842; x_wconf 90' lang='lat' dir='ltr'>zio</span> <span class='ocrx_word' id='word_1_99' title='bbox 531 1777 727 1862; x_wconf 80' lang='lat' dir='ltr'>(Oresimiro)</span> <span class='ocrx_word' id='word_1_100' title='bbox 744 1779 796 1845; x_wconf 91' lang='lat' dir='ltr'>nel</span> <span class='ocrx_word' id='word_1_101' title='bbox 816 1798 865 1843; x_wconf 91' lang='lat' dir='ltr'>re·</span> <span class='ocrx_word' id='word_1_102' title='bbox 896 1779 942 1844; x_wconf 91' lang='lat' dir='ltr'>tia</span> <span class='ocrx_word' id='word_1_103' title='bbox 956 1779 1098 1845; x_wconf 88' lang='lat' dir='ltr'>eiusdem</span> <span class='ocrx_word' id='word_1_104' title='bbox 1113 1777 1217 1859; x_wconf 85' lang='lat' dir='ltr'>patrui</span> <span class='ocrx_word' id='word_1_105' title='bbox 1233 1778 1295 1842; x_wconf 92' lang='lat' dir='ltr'>mei</span> <span class='ocrx_word' id='word_1_106' title='bbox 1308 1774 1501 1860; x_wconf 86' lang='lat' dir='ltr'>(Cresimiri)</span> 
     </span>
     <span class='ocr_line' id='line_1_15' title="bbox 265 1878 1500 1967; baseline -0.003 -19"><span class='ocrx_word' id='word_1_107' title='bbox 265 1901 327 1964; x_wconf 83' lang='lat' dir='ltr'>gno</span> <span class='ocrx_word' id='word_1_108' title='bbox 350 1900 407 1963; x_wconf 88' lang='lat' dir='ltr'>per</span> <span class='ocrx_word' id='word_1_109' title='bbox 429 1883 460 1946; x_wconf 90' lang='lat' dir='ltr'>la</span> <span class='ocrx_word' id='word_1_110' title='bbox 475 1883 580 1947; x_wconf 85' lang='lat' dir='ltr'>divino</span> <span class='ocrx_word' id='word_1_111' title='bbox 603 1882 770 1963; x_wconf 84' lang='lat' dir='ltr'>clemenza,</span> <span class='ocrx_word' id='word_1_112' title='bbox 794 1901 865 1948; x_wconf 89' lang='lat' dir='ltr'>oon·</span> <span class='ocrx_word' id='word_1_113' title='bbox 896 1883 928 1948; x_wconf 93' lang='lat' dir='ltr'>in</span> <span class='ocrx_word' id='word_1_114' title='bbox 951 1902 1049 1967; x_wconf 83' lang='lat' dir='ltr'>regno</span> <span class='ocrx_word' id='word_1_115' title='bbox 1079 1882 1198 1960; x_wconf 82' lang='lat' dir='ltr'>heren,¹</span> <span class='ocrx_word' id='word_1_116' title='bbox 1228 1878 1376 1947; x_wconf 88' lang='lat' dir='ltr'>confirmo</span> <span class='ocrx_word' id='word_1_117' title='bbox 1405 1881 1500 1944; x_wconf 87' lang='lat' dir='ltr'>istam</span> 
     </span>
     <span class='ocr_line' id='line_1_16' title="bbox 265 1984 1501 2069; baseline 0 -20"><span class='ocrx_word' id='word_1_118' title='bbox 265 1984 365 2050; x_wconf 83' lang='lat' dir='ltr'>lemno</span> <span class='ocrx_word' id='word_1_119' title='bbox 394 1991 507 2066; x_wconf 86' lang='lat' dir='ltr'>questa</span> <span class='ocrx_word' id='word_1_120' title='bbox 537 1987 708 2053; x_wconf 80' lang='lat' dir='ltr'>donatione</span> <span class='ocrx_word' id='word_1_121' title='bbox 735 1988 767 2051; x_wconf 94' lang='lat' dir='ltr'>in</span> <span class='ocrx_word' id='word_1_122' title='bbox 797 2007 867 2069; x_wconf 89' lang='lat' dir='ltr'>per·</span> <span class='ocrx_word' id='word_1_123' title='bbox 899 1987 1099 2052; x_wconf 79' lang='lat' dir='ltr'>donationem</span> <span class='ocrx_word' id='word_1_124' title='bbox 1123 1987 1360 2068; x_wconf 88' lang='lat' dir='ltr'>inperpetuum</span> <span class='ocrx_word' id='word_1_125' title='bbox 1395 2002 1501 2051; x_wconf 86' lang='lat' dir='ltr'>coram</span> 
     </span>
     <span class='ocr_line' id='line_1_17' title="bbox 267 2089 1502 2174; baseline -0.001 -20"><span class='ocrx_word' id='word_1_126' title='bbox 267 2096 364 2170; x_wconf 90' lang='lat' dir='ltr'>petuo</span> <span class='ocrx_word' id='word_1_127' title='bbox 386 2091 493 2154; x_wconf 85' lang='lat' dir='ltr'>avanti</span> <span class='ocrx_word' id='word_1_128' title='bbox 515 2089 535 2154; x_wconf 91' lang='lat' dir='ltr'>il</span> <span class='ocrx_word' id='word_1_129' title='bbox 560 2091 706 2173; x_wconf 88' lang='lat' dir='ltr'>predetto</span> <span class='ocrx_word' id='word_1_130' title='bbox 736 2093 870 2157; x_wconf 88' lang='lat' dir='ltr'>arcives·</span> <span class='ocrx_word' id='word_1_131' title='bbox 900 2091 1042 2174; x_wconf 89' lang='lat' dir='ltr'>predicto</span> <span class='ocrx_word' id='word_1_132' title='bbox 1076 2091 1311 2173; x_wconf 82' lang='lat' dir='ltr'>archiepiscopo</span> <span class='ocrx_word' id='word_1_133' title='bbox 1345 2091 1502 2172; x_wconf 86' lang='lat' dir='ltr'>(Lauren-</span> 
     </span>
     <span class='ocr_line' id='line_1_18' title="bbox 266 2193 1501 2278; baseline -0.001 -19"><span class='ocrx_word' id='word_1_134' title='bbox 266 2213 344 2260; x_wconf 83' lang='lat' dir='ltr'>covo</span> <span class='ocrx_word' id='word_1_135' title='bbox 368 2193 537 2278; x_wconf 70' lang='lat' dir='ltr'>(Lorennol</span> <span class='ocrx_word' id='word_1_136' title='bbox 567 2200 600 2261; x_wconf 86' lang='lat' dir='ltr'>et</span> <span class='ocrx_word' id='word_1_137' title='bbox 623 2195 774 2278; x_wconf 83' lang='lat' dir='ltr'>Gregorio</span> <span class='ocrx_word' id='word_1_138' title='bbox 798 2214 867 2261; x_wconf 87' lang='lat' dir='ltr'>ves·</span> <span class='ocrx_word' id='word_1_139' title='bbox 897 2197 957 2278; x_wconf 82' lang='lat' dir='ltr'>tio)</span> <span class='ocrx_word' id='word_1_140' title='bbox 988 2200 1021 2262; x_wconf 88' lang='lat' dir='ltr'>et</span> <span class='ocrx_word' id='word_1_141' title='bbox 1048 2195 1203 2277; x_wconf 81' lang='lat' dir='ltr'>Gregorio</span> <span class='ocrx_word' id='word_1_142' title='bbox 1232 2194 1410 2261; x_wconf 82' lang='lat' dir='ltr'>chroatensi</span> <span class='ocrx_word' id='word_1_143' title='bbox 1433 2193 1501 2276; x_wconf 91' lang='lat' dir='ltr'>epi-</span> 
     </span>
     <span class='ocr_line' id='line_1_19' title="bbox 267 2297 1002 2384; baseline 0.005 -21"><span class='ocrx_word' id='word_1_144' title='bbox 267 2317 343 2364; x_wconf 83' lang='lat' dir='ltr'>covo</span> <span class='ocrx_word' id='word_1_145' title='bbox 367 2300 400 2364; x_wconf 92' lang='lat' dir='ltr'>di</span> <span class='ocrx_word' id='word_1_146' title='bbox 422 2297 559 2365; x_wconf 81' lang='lat' dir='ltr'>Oroatia.</span> <span class='ocrx_word' id='word_1_147' title='bbox 897 2319 1002 2384; x_wconf 84' lang='lat' dir='ltr'>scopo.</span> 
     </span>
    </p>

    <p class='ocr_par' dir='ltr' id='par_1_6' title="bbox 265 2403 1502 2786">
     <span class='ocr_line' id='line_1_20' title="bbox 310 2403 1500 2489; baseline 0.004 -21"><span class='ocrx_word' id='word_1_148' title='bbox 310 2403 345 2468; x_wconf 91' lang='lat' dir='ltr'>lo</span> <span class='ocrx_word' id='word_1_149' title='bbox 369 2403 532 2484; x_wconf 86' lang='lat' dir='ltr'>Giovnnni,</span> <span class='ocrx_word' id='word_1_150' title='bbox 557 2404 719 2486; x_wconf 88' lang='lat' dir='ltr'>capellano</span> <span class='ocrx_word' id='word_1_151' title='bbox 735 2405 786 2471; x_wconf 90' lang='lat' dir='ltr'>del</span> <span class='ocrx_word' id='word_1_152' title='bbox 802 2425 867 2472; x_wconf 88' lang='lat' dir='ltr'>me·</span> <span class='ocrx_word' id='word_1_153' title='bbox 939 2405 1009 2489; x_wconf 83' lang='lat' dir='ltr'>Ego</span> <span class='ocrx_word' id='word_1_154' title='bbox 1024 2405 1044 2471; x_wconf 88' lang='lat' dir='ltr'>J</span> <span class='ocrx_word' id='word_1_155' title='bbox 1047 2406 1194 2482; x_wconf 89' lang='lat' dir='ltr'>ohannes,</span> <span class='ocrx_word' id='word_1_156' title='bbox 1211 2405 1395 2488; x_wconf 87' lang='lat' dir='ltr'>capellanus</span> <span class='ocrx_word' id='word_1_157' title='bbox 1415 2407 1500 2474; x_wconf 88' lang='lat' dir='ltr'>eius-</span> 
     </span>
     <span class='ocr_line' id='line_1_21' title="bbox 269 2508 1502 2593; baseline 0.006 -21"><span class='ocrx_word' id='word_1_158' title='bbox 269 2509 360 2573; x_wconf 91' lang='lat' dir='ltr'>demo</span> <span class='ocrx_word' id='word_1_159' title='bbox 384 2508 592 2587; x_wconf 85' lang='lat' dir='ltr'>arcivescovo,</span> <span class='ocrx_word' id='word_1_160' title='bbox 617 2509 657 2574; x_wconf 93' lang='lat' dir='ltr'>ho</span> <span class='ocrx_word' id='word_1_161' title='bbox 680 2509 790 2575; x_wconf 83' lang='lat' dir='ltr'>scritto</span> <span class='ocrx_word' id='word_1_162' title='bbox 812 2529 869 2592; x_wconf 88' lang='lat' dir='ltr'>per</span> <span class='ocrx_word' id='word_1_163' title='bbox 899 2512 970 2576; x_wconf 90' lang='lat' dir='ltr'>dem</span> <span class='ocrx_word' id='word_1_164' title='bbox 1002 2511 1255 2593; x_wconf 66' lang='lat' dir='ltr'>archiepiscopi,l</span> <span class='ocrx_word' id='word_1_165' title='bbox 1283 2511 1323 2575; x_wconf 87' lang='lat' dir='ltr'>de</span> <span class='ocrx_word' id='word_1_166' title='bbox 1353 2511 1502 2578; x_wconf 85' lang='lat' dir='ltr'>mandato</span> 
     </span>
     <span class='ocr_line' id='line_1_22' title="bbox 265 2611 1501 2699; baseline 0.003 -21"><span class='ocrx_word' id='word_1_167' title='bbox 265 2612 375 2678; x_wconf 91' lang='lat' dir='ltr'>ordine</span> <span class='ocrx_word' id='word_1_168' title='bbox 399 2611 449 2677; x_wconf 90' lang='lat' dir='ltr'>del</span> <span class='ocrx_word' id='word_1_169' title='bbox 473 2612 618 2693; x_wconf 88' lang='lat' dir='ltr'>predotto</span> <span class='ocrx_word' id='word_1_170' title='bbox 634 2616 668 2678; x_wconf 79' lang='lat' dir='ltr'>re</span> <span class='ocrx_word' id='word_1_171' title='bbox 685 2611 813 2680; x_wconf 85' lang='lat' dir='ltr'>Stefano</span> <span class='ocrx_word' id='word_1_172' title='bbox 830 2620 863 2680; x_wconf 91' lang='lat' dir='ltr'>et</span> <span class='ocrx_word' id='word_1_173' title='bbox 891 2614 1007 2697; x_wconf 85' lang='lat' dir='ltr'>prelati</span> <span class='ocrx_word' id='word_1_174' title='bbox 1029 2615 1114 2697; x_wconf 85' lang='lat' dir='ltr'>regis</span> <span class='ocrx_word' id='word_1_175' title='bbox 1138 2615 1289 2697; x_wconf 85' lang='lat' dir='ltr'>Stephani</span> <span class='ocrx_word' id='word_1_176' title='bbox 1322 2615 1432 2699; x_wconf 76' lang='lat' dir='ltr'>scripsi</span> <span class='ocrx_word' id='word_1_177' title='bbox 1466 2624 1501 2682; x_wconf 92' lang='lat' dir='ltr'>et</span> 
     </span>
     <span class='ocr_line' id='line_1_23' title="bbox 267 2716 1106 2786; baseline 0.002 -4"><span class='ocrx_word' id='word_1_178' title='bbox 267 2716 311 2782; x_wconf 88' lang='lat' dir='ltr'>fui</span> <span class='ocrx_word' id='word_1_179' title='bbox 335 2719 524 2784; x_wconf 87' lang='lat' dir='ltr'>testimonio.</span> <span class='ocrx_word' id='word_1_180' title='bbox 898 2721 989 2784; x_wconf 85' lang='lat' dir='ltr'>testis</span> <span class='ocrx_word' id='word_1_181' title='bbox 1010 2718 1106 2786; x_wconf 87' lang='lat' dir='ltr'>adini.</span> 
     </span>
    </p>
   </div>
   <div class='ocr_carea' id='block_1_6' title="bbox 354 2823 1368 2995">
    <p class='ocr_par' dir='ltr' id='par_1_7' title="bbox 354 2823 1368 2995">
     <span class='ocr_line' id='line_1_24' title="bbox 354 2823 1368 2902; baseline 0.003 -18"><span class='ocrx_word' id='word_1_182' title='bbox 354 2823 515 2901; x_wconf 79' lang='lat' dir='ltr'>Appendix</span> <span class='ocrx_word' id='word_1_183' title='bbox 531 2825 696 2901; x_wconf 88' lang='lat' dir='ltr'>subscripta</span> <span class='ocrx_word' id='word_1_184' title='bbox 712 2825 864 2902; x_wconf 86' lang='lat' dir='ltr'>diplomati</span> <span class='ocrx_word' id='word_1_185' title='bbox 878 2829 957 2902; x_wconf 79' lang='lat' dir='ltr'>regis</span> <span class='ocrx_word' id='word_1_186' title='bbox 972 2827 1006 2886; x_wconf 94' lang='lat' dir='ltr'>P.</span> <span class='ocrx_word' id='word_1_187' title='bbox 1023 2826 1170 2886; x_wconf 81' lang='lat' dir='ltr'>Cresimiri</span> <span class='ocrx_word' id='word_1_188' title='bbox 1186 2827 1239 2886; x_wconf 91' lang='lat' dir='ltr'>sub</span> <span class='ocrx_word' id='word_1_189' title='bbox 1255 2847 1299 2890; x_wconf 88' lang='lat' dir='ltr'>nr.</span> <span class='ocrx_word' id='word_1_190' title='bbox 1318 2829 1368 2888; x_wconf 84' lang='lat'>58.</span> 
     </span>
     <span class='ocr_line' id='line_1_25' title="bbox 354 2911 1032 2995; baseline 0.004 -24"><span class='ocrx_word' id='word_1_191' title='bbox 354 2913 466 2972; x_wconf 84' lang='lat' dir='ltr'>Farlati</span> <span class='ocrx_word' id='word_1_192' title='bbox 481 2913 535 2972; x_wconf 92' lang='lat' dir='ltr'>Ill.</span> <span class='ocrx_word' id='word_1_193' title='bbox 555 2914 626 2972; x_wconf 85' lang='grc'><strong>138.</strong></span> <span class='ocrx_word' id='word_1_194' title='bbox 643 2911 714 2974; x_wconf 82' lang='lat' dir='ltr'>(lod.</span> <span class='ocrx_word' id='word_1_195' title='bbox 732 2912 802 2988; x_wconf 92' lang='lat' dir='ltr'>dipl.</span> <span class='ocrx_word' id='word_1_196' title='bbox 819 2913 900 2974; x_wconf 84' lang='lat' dir='ltr'>CSD.</span> <span class='ocrx_word' id='word_1_197' title='bbox 918 2913 942 2995; x_wconf 90' lang='lat'>1,</span> <span class='ocrx_word' id='word_1_198' title='bbox 962 2916 1032 2974; x_wconf 82' lang='lat'>133.</span> 
     </span>
    </p>
   </div>
   <div class='ocr_carea' id='block_1_7' title="bbox 268 3009 1500 3167">
    <p class='ocr_par' dir='ltr' id='par_1_8' title="bbox 268 3009 1500 3167">
     <span class='ocr_line' id='line_1_26' title="bbox 310 3009 1500 3083; baseline 0.003 -17"><span class='ocrx_word' id='word_1_199' title='bbox 310 3013 316 3042; x_wconf 92' lang='lat'><strong>¹</strong></span> <span class='ocrx_word' id='word_1_200' title='bbox 334 3009 439 3066; x_wconf 81' lang='lat' dir='ltr'>Farlsti</span> <span class='ocrx_word' id='word_1_201' title='bbox 457 3012 580 3066; x_wconf 85' lang='lat' dir='ltr'>inexaote</span> <span class='ocrx_word' id='word_1_202' title='bbox 598 3012 692 3067; x_wconf 80' lang='lat' dir='ltr'>vertit:</span> <span class='ocrx_word' id='word_1_203' title='bbox 719 3011 828 3082; x_wconf 84' lang='lat' dir='ltr'>„diuina</span> <span class='ocrx_word' id='word_1_204' title='bbox 845 3013 990 3068; x_wconf 84' lang='lat' dir='ltr'>clementia</span> <span class='ocrx_word' id='word_1_205' title='bbox 1012 3014 1155 3070; x_wconf 84' lang='lat' dir='ltr'>lntnrns</span> <span class='ocrx_word' id='word_1_206' title='bbox 1178 3013 1214 3068; x_wconf 92' lang='lat' dir='ltr'>in</span> <span class='ocrx_word' id='word_1_207' title='bbox 1240 3027 1346 3083; x_wconf 76' lang='lat' dir='ltr'>regno</span> <span class='ocrx_word' id='word_1_208' title='bbox 1363 3029 1500 3070; x_wconf 84' lang='lat' dir='ltr'>succos·</span> 
     </span>
     <span class='ocr_line' id='line_1_27' title="bbox 268 3097 951 3167; baseline 0.001 -13"><span class='ocrx_word' id='word_1_209' title='bbox 268 3099 349 3154; x_wconf 86' lang='lat' dir='ltr'>sor“.</span> <span class='ocrx_word' id='word_1_210' title='bbox 422 3100 431 3128; x_wconf 86' lang='lat'>²</span> <span class='ocrx_word' id='word_1_211' title='bbox 449 3097 526 3166; x_wconf 77' lang='lat' dir='ltr'>Quod</span> <span class='ocrx_word' id='word_1_212' title='bbox 544 3100 675 3167; x_wconf 84' lang='lat' dir='ltr'>sequitur,</span> <span class='ocrx_word' id='word_1_213' title='bbox 693 3099 797 3155; x_wconf 80' lang='lat' dir='ltr'>Forlati</span> <span class='ocrx_word' id='word_1_214' title='bbox 815 3099 951 3156; x_wconf 88' lang='lat' dir='ltr'>ommittit.</span> 
     </span>
    </p>
   </div>
   <div class='ocr_carea' id='block_1_8' title="bbox 268 3328 953 3494">
    <p class='ocr_par' dir='ltr' id='par_1_9' title="bbox 268 3328 953 3494">
     <span class='ocr_line' id='line_1_28' title="bbox 828 3328 953 3402; baseline -0.016 0"><span class='ocrx_word' id='word_1_215' title='bbox 828 3328 953 3402; x_wconf 79' lang='lat'>127.</span> 
     </span>
     <span class='ocr_line' id='line_1_29' title="bbox 268 3433 398 3494; baseline -0.015 0"><span class='ocrx_word' id='word_1_216' title='bbox 268 3433 290 3494; x_wconf 79' lang='lat' dir='ltr'>t.</span> <span class='ocrx_word' id='word_1_217' title='bbox 305 3452 324 3494; x_wconf 85' lang='grc' dir='ltr'>ι.</span> <span class='ocrx_word' id='word_1_218' title='bbox 341 3433 398 3493; x_wconf 79' lang='lat' dir='ltr'>loto.</span> 
     </span>
    </p>
   </div>
   <div class='ocr_carea' id='block_1_9' title="bbox 268 3568 1504 3867">
    <p class='ocr_par' dir='ltr' id='par_1_10' title="bbox 268 3568 1504 3867">
     <span class='ocr_line' id='line_1_30' title="bbox 272 3568 1504 3655; baseline 0.005 -23"><span class='ocrx_word' id='word_1_219' title='bbox 272 3568 388 3648; x_wconf 82' lang='lat' dir='ltr'>,Breve</span> <span class='ocrx_word' id='word_1_220' title='bbox 412 3569 654 3636; x_wconf 81' lang='lat' dir='ltr'>reeordationie“</span> <span class='ocrx_word' id='word_1_221' title='bbox 683 3569 813 3655; x_wconf 67' lang='lat' dir='ltr'>Potrici,</span> <span class='ocrx_word' id='word_1_222' title='bbox 840 3572 921 3654; x_wconf 83' lang='lat' dir='ltr'>facti</span> <span class='ocrx_word' id='word_1_223' title='bbox 941 3571 1083 3638; x_wconf 82' lang='lat' dir='ltr'>monachi</span> <span class='ocrx_word' id='word_1_224' title='bbox 1104 3573 1138 3636; x_wconf 82' lang='lat' dir='ltr'>io</span> <span class='ocrx_word' id='word_1_225' title='bbox 1160 3574 1344 3638; x_wconf 62' lang='lat' dir='ltr'>mosomio</span> <span class='ocrx_word' id='word_1_226' title='bbox 1366 3595 1392 3638; x_wconf 84' lang='lat' dir='ltr'>a.</span> <span class='ocrx_word' id='word_1_227' title='bbox 1416 3572 1504 3638; x_wconf 82' lang='lat' dir='ltr'>Petri</span> 
     </span>
     <span class='ocr_line' id='line_1_31' title="bbox 268 3673 1504 3760; baseline 0.004 -23"><span class='ocrx_word' id='word_1_228' title='bbox 268 3675 302 3739; x_wconf 83' lang='lat' dir='ltr'>iu</span> <span class='ocrx_word' id='word_1_229' title='bbox 325 3673 402 3757; x_wconf 72' lang='lat' dir='ltr'>Sedu,</span> <span class='ocrx_word' id='word_1_230' title='bbox 428 3676 466 3739; x_wconf 85' lang='lat' dir='ltr'>de</span> <span class='ocrx_word' id='word_1_231' title='bbox 487 3678 680 3741; x_wconf 69' lang='lat' dir='ltr'>convertisse</span> <span class='ocrx_word' id='word_1_232' title='bbox 701 3679 781 3741; x_wconf 85' lang='lat' dir='ltr'>inito</span> <span class='ocrx_word' id='word_1_233' title='bbox 803 3698 871 3742; x_wconf 82' lang='lat' dir='ltr'>com</span> <span class='ocrx_word' id='word_1_234' title='bbox 892 3675 1029 3760; x_wconf 81' lang='lat' dir='ltr'>Ludino,</span> <span class='ocrx_word' id='word_1_235' title='bbox 1043 3677 1116 3760; x_wconf 83' lang='lat' dir='ltr'>filio</span> <span class='ocrx_word' id='word_1_236' title='bbox 1136 3676 1310 3759; x_wconf 81' lang='lat' dir='ltr'>Miroslaoi,</span> <span class='ocrx_word' id='word_1_237' title='bbox 1333 3687 1361 3743; x_wconf 84' lang='lat' dir='ltr'>et</span> <span class='ocrx_word' id='word_1_238' title='bbox 1383 3677 1422 3742; x_wconf 85' lang='lat' dir='ltr'>de</span> <span class='ocrx_word' id='word_1_239' title='bbox 1443 3687 1504 3744; x_wconf 80' lang='lat' dir='ltr'>ter-</span> 
     </span>
     <span class='ocr_line' id='line_1_32' title="bbox 722 3783 1054 3867; baseline 0 -21"><span class='ocrx_word' id='word_1_240' title='bbox 722 3783 767 3846; x_wconf 81' lang='lat' dir='ltr'>ris</span> <span class='ocrx_word' id='word_1_241' title='bbox 790 3802 811 3845; x_wconf 87' lang='lat' dir='ltr'>o</span> <span class='ocrx_word' id='word_1_242' title='bbox 832 3801 864 3846; x_wconf 82' lang='lat' dir='ltr'>ee</span> <span class='ocrx_word' id='word_1_243' title='bbox 885 3783 1054 3867; x_wconf 79' lang='lat' dir='ltr'>acquisitis.</span> 
     </span>
    </p>
   </div>
   <div class='ocr_carea' id='block_1_10' title="bbox 267 3901 1505 4620">
    <p class='ocr_par' dir='ltr' id='par_1_11' title="bbox 267 3901 1505 4620">
     <span class='ocr_line' id='line_1_33' title="bbox 311 3901 1503 3987; baseline 0.003 -21"><span class='ocrx_word' id='word_1_244' title='bbox 311 3901 448 3969; x_wconf 90' lang='lat' dir='ltr'>Breuem</span> <span class='ocrx_word' id='word_1_245' title='bbox 472 3903 723 3969; x_wconf 88' lang='lat' dir='ltr'>recordationem</span> <span class='ocrx_word' id='word_1_246' title='bbox 750 3922 809 3985; x_wconf 86' lang='lat' dir='ltr'>ego</span> <span class='ocrx_word' id='word_1_247' title='bbox 833 3903 958 3970; x_wconf 88' lang='lat' dir='ltr'>Petrizo</span> <span class='ocrx_word' id='word_1_248' title='bbox 980 3902 1065 3970; x_wconf 86' lang='lat' dir='ltr'>facio</span> <span class='ocrx_word' id='word_1_249' title='bbox 1089 3903 1128 3970; x_wconf 89' lang='lat' dir='ltr'>de</span> <span class='ocrx_word' id='word_1_250' title='bbox 1151 3903 1377 3984; x_wconf 88' lang='lat' dir='ltr'>conuentione,</span> <span class='ocrx_word' id='word_1_251' title='bbox 1408 3922 1503 3987; x_wconf 87' lang='lat' dir='ltr'>quam</span> 
     </span>
     <span class='ocr_line' id='line_1_34' title="bbox 269 4005 1500 4093; baseline 0.002 -21"><span class='ocrx_word' id='word_1_252' title='bbox 269 4005 329 4073; x_wconf 82' lang='lat' dir='ltr'>feri</span> <span class='ocrx_word' id='word_1_253' title='bbox 353 4026 423 4072; x_wconf 86' lang='lat' dir='ltr'>corn</span> <span class='ocrx_word' id='word_1_254' title='bbox 440 4007 572 4088; x_wconf 90' lang='lat' dir='ltr'>Ludino,</span> <span class='ocrx_word' id='word_1_255' title='bbox 596 4007 659 4074; x_wconf 88' lang='lat' dir='ltr'>filio</span> <span class='ocrx_word' id='word_1_256' title='bbox 675 4007 855 4088; x_wconf 86' lang='lat' dir='ltr'>Miroslauo‚</span> <span class='ocrx_word' id='word_1_257' title='bbox 879 4009 1003 4091; x_wconf 85' lang='lat' dir='ltr'>quando</span> <span class='ocrx_word' id='word_1_258' title='bbox 1026 4009 1114 4074; x_wconf 88' lang='lat' dir='ltr'>illum</span> <span class='ocrx_word' id='word_1_259' title='bbox 1136 4010 1252 4075; x_wconf 90' lang='lat' dir='ltr'>retinui</span> <span class='ocrx_word' id='word_1_260' title='bbox 1267 4007 1395 4091; x_wconf 85' lang='lat' dir='ltr'>Spalato</span> <span class='ocrx_word' id='word_1_261' title='bbox 1416 4009 1500 4093; x_wconf 89' lang='lat' dir='ltr'>apud</span> 
     </span>
     <span class='ocr_line' id='line_1_35' title="bbox 267 4111 1504 4197; baseline 0.002 -20"><span class='ocrx_word' id='word_1_262' title='bbox 267 4130 326 4177; x_wconf 91' lang='lat' dir='ltr'>me.</span> <span class='ocrx_word' id='word_1_263' title='bbox 362 4111 442 4176; x_wconf 85' lang='lat' dir='ltr'>Nam</span> <span class='ocrx_word' id='word_1_264' title='bbox 466 4112 567 4177; x_wconf 90' lang='lat' dir='ltr'>dimisi</span> <span class='ocrx_word' id='word_1_265' title='bbox 591 4113 650 4178; x_wconf 90' lang='lat' dir='ltr'>sibi</span> <span class='ocrx_word' id='word_1_266' title='bbox 680 4113 760 4178; x_wconf 90' lang='lat' dir='ltr'>duos</span> <span class='ocrx_word' id='word_1_267' title='bbox 790 4133 898 4180; x_wconf 89' lang='lat' dir='ltr'>seruos</span> <span class='ocrx_word' id='word_1_268' title='bbox 921 4121 955 4180; x_wconf 90' lang='lat' dir='ltr'>et</span> <span class='ocrx_word' id='word_1_269' title='bbox 975 4120 1134 4182; x_wconf 85' lang='lat' dir='ltr'>trecentos</span> <span class='ocrx_word' id='word_1_270' title='bbox 1163 4131 1276 4196; x_wconf 89' lang='lat' dir='ltr'>porcos</span> <span class='ocrx_word' id='word_1_271' title='bbox 1299 4114 1355 4179; x_wconf 86' lang='lat' dir='ltr'>tali</span> <span class='ocrx_word' id='word_1_272' title='bbox 1377 4113 1504 4197; x_wconf 85' lang='lat' dir='ltr'>quidem</span> 
     </span>
     <span class='ocr_line' id='line_1_36' title="bbox 267 4217 1503 4302; baseline 0.003 -20"><span class='ocrx_word' id='word_1_273' title='bbox 267 4222 386 4295; x_wconf 86' lang='lat' dir='ltr'>tenore,</span> <span class='ocrx_word' id='word_1_274' title='bbox 410 4223 446 4282; x_wconf 91' lang='lat' dir='ltr'>ut</span> <span class='ocrx_word' id='word_1_275' title='bbox 469 4217 495 4282; x_wconf 85' lang='lat' dir='ltr'>si</span> <span class='ocrx_word' id='word_1_276' title='bbox 518 4217 666 4299; x_wconf 84' lang='lat' dir='ltr'>deinceps</span> <span class='ocrx_word' id='word_1_277' title='bbox 689 4217 764 4284; x_wconf 93' lang='lat' dir='ltr'>mihi</span> <span class='ocrx_word' id='word_1_278' title='bbox 786 4217 906 4285; x_wconf 86' lang='lat' dir='ltr'>taceret</span> <span class='ocrx_word' id='word_1_279' title='bbox 936 4219 1064 4302; x_wconf 89' lang='lat' dir='ltr'>aliquod</span> <span class='ocrx_word' id='word_1_280' title='bbox 1086 4220 1243 4298; x_wconf 83' lang='lat' dir='ltr'>damnum,</span> <span class='ocrx_word' id='word_1_281' title='bbox 1268 4218 1334 4302; x_wconf 86' lang='lat' dir='ltr'>(isti</span> <span class='ocrx_word' id='word_1_282' title='bbox 1354 4225 1503 4302; x_wconf 82' lang='lat' dir='ltr'>parentes</span> 
     </span>
     <span class='ocr_line' id='line_1_37' title="bbox 269 4321 1501 4406; baseline 0.002 -19"><span class='ocrx_word' id='word_1_283' title='bbox 269 4323 348 4406; x_wconf 83' lang='lat' dir='ltr'>eine,</span> <span class='ocrx_word' id='word_1_284' title='bbox 383 4321 502 4387; x_wconf 86' lang='lat' dir='ltr'>scilicet</span> <span class='ocrx_word' id='word_1_285' title='bbox 524 4321 654 4388; x_wconf 88' lang='lat' dir='ltr'>Vilcano</span> <span class='ocrx_word' id='word_1_286' title='bbox 678 4323 871 4406; x_wconf 81' lang='lat' dir='ltr'>Degoynego</span> <span class='ocrx_word' id='word_1_287' title='bbox 895 4330 928 4389; x_wconf 93' lang='lat' dir='ltr'>et</span> <span class='ocrx_word' id='word_1_288' title='bbox 948 4323 1085 4390; x_wconf 85' lang='lat' dir='ltr'>Braniza</span> <span class='ocrx_word' id='word_1_289' title='bbox 1108 4329 1141 4390; x_wconf 91' lang='lat' dir='ltr'>et</span> <span class='ocrx_word' id='word_1_290' title='bbox 1163 4323 1332 4390; x_wconf 77' lang='lat' dir='ltr'>Vekenriro</span> <span class='ocrx_word' id='word_1_291' title='bbox 1355 4329 1389 4390; x_wconf 88' lang='lat' dir='ltr'>et</span> <span class='ocrx_word' id='word_1_292' title='bbox 1411 4323 1501 4390; x_wconf 83' lang='lat' dir='ltr'>Jero</span> 
     </span>
     <span class='ocr_line' id='line_1_38' title="bbox 274 4425 1501 4511; baseline 0.005 -21"><span class='ocrx_word' id='word_1_293' title='bbox 274 4425 379 4490; x_wconf 85' lang='lat' dir='ltr'>slavo¹</span> <span class='ocrx_word' id='word_1_294' title='bbox 403 4434 435 4492; x_wconf 87' lang='lat' dir='ltr'>et</span> <span class='ocrx_word' id='word_1_295' title='bbox 459 4425 583 4493; x_wconf 89' lang='lat' dir='ltr'>Slauizo</span> <span class='ocrx_word' id='word_1_296' title='bbox 607 4427 705 4493; x_wconf 85' lang='lat' dir='ltr'>irater</span> <span class='ocrx_word' id='word_1_297' title='bbox 720 4429 797 4508; x_wconf 87' lang='lat' dir='ltr'>eins,</span> <span class='ocrx_word' id='word_1_298' title='bbox 822 4433 855 4493; x_wconf 89' lang='lat' dir='ltr'>et</span> <span class='ocrx_word' id='word_1_299' title='bbox 870 4429 932 4495; x_wconf 90' lang='lat' dir='ltr'>duo</span> <span class='ocrx_word' id='word_1_300' title='bbox 949 4436 1088 4511; x_wconf 87' lang='lat' dir='ltr'>nepotes,</span> <span class='ocrx_word' id='word_1_301' title='bbox 1112 4427 1169 4494; x_wconf 94' lang='lat' dir='ltr'>filii</span> <span class='ocrx_word' id='word_1_302' title='bbox 1192 4426 1312 4507; x_wconf 84' lang='lat' dir='ltr'>Cesari,</span> <span class='ocrx_word' id='word_1_303' title='bbox 1337 4434 1370 4494; x_wconf 88' lang='lat' dir='ltr'>et</span> <span class='ocrx_word' id='word_1_304' title='bbox 1392 4445 1501 4496; x_wconf 88' lang='lat' dir='ltr'>omnes</span> 
     </span>
     <span class='ocr_line' id='line_1_39' title="bbox 271 4531 1505 4620; baseline 0 -24"><span class='ocrx_word' id='word_1_305' title='bbox 271 4535 419 4612; x_wconf 87' lang='lat' dir='ltr'>parentes</span> <span class='ocrx_word' id='word_1_306' title='bbox 450 4532 651 4612; x_wconf 86' lang='lat' dir='ltr'>iurauerunt,</span> <span class='ocrx_word' id='word_1_307' title='bbox 685 4533 780 4600; x_wconf 85' lang='lat' dir='ltr'>etiam</span> <span class='ocrx_word' id='word_1_308' title='bbox 810 4533 879 4617; x_wconf 86' lang='lat' dir='ltr'>ipse</span> <span class='ocrx_word' id='word_1_309' title='bbox 909 4531 1081 4620; x_wconf 78' lang='lat' dir='ltr'>Ladmus),</span> <span class='ocrx_word' id='word_1_310' title='bbox 1117 4537 1153 4599; x_wconf 86' lang='lat' dir='ltr'>ut</span> <span class='ocrx_word' id='word_1_311' title='bbox 1174 4531 1251 4598; x_wconf 89' lang='lat' dir='ltr'>mihi</span> <span class='ocrx_word' id='word_1_312' title='bbox 1279 4537 1505 4617; x_wconf 87' lang='lat' dir='ltr'>componerent</span> 
     </span>
    </p>
   </div>
   <div class='ocr_carea' id='block_1_11' title="bbox 0 0 1764 5410">
    <p class='ocr_par' dir='ltr' id='par_1_12' title="bbox 0 0 1764 5410">
     <span class='ocr_line' id='line_1_40' title="bbox 0 0 1764 5410; baseline 0 0"><span class='ocrx_word' id='word_1_313' title='bbox 0 0 1764 5410; x_wconf 95' lang='lat' dir='ltr'> </span> 
     </span>
    </p>
   </div>
  </div>
 </body>
</html>
