3602 5304
800 457 926 531 152.

240 567 265 629 l.
280 567 406 628 tut-tt

240 704 388 808 Sporadas
413 704 619 790 prouiaaiolis
648 705 731 768 eirea
753 725 781 770 o.
807 705 1079 790 turcopolorum
1106 705 1266 772 indicitur.
1295 704 1479 770 Saloaituau

280 811 444 896 prouincia
466 813 500 874 ta
519 810 601 876 daus
623 809 796 874 diuiditur:
816 831 875 894 pro
899 809 1061 874 Dalmatio
1083 812 1238 896 superiori
1259 811 1435 896 metropolis

680 913 831 984 datibora'
853 918 1037 984 instituitur.

849 1064 875 1125 l.

284 1181 417 1248 Factum
441 1187 629 1263 astantem,
654 1181 774 1248 utillis
804 1181 915 1248 diebus
942 1179 999 1267 (sc.
1031 1179 1219 1266 spalatensis
1249 1179 1478 1262 archiepiscopi

242 1287 391 1355 Dabralis
414 1285 574 1374 tempore)
597 1293 847 1354 conuocarentur
876 1305 983 1353 omnes
1015 1285 1206 1370 suffraganei
1236 1287 1414 1354 Dalmatiae
1437 1288 1478 1354 ad

242 1393 469 1475 prouincialem
494 1394 658 1476 synodum,
682 1413 764 1477 quae
778 1391 968 1460 celebranda
990 1398 1061 1459 erat
1082 1393 1114 1458 in
1138 1392 1271 1459 ecclesia
1293 1393 1475 1476 spalatensi.

244 1499 413 1582 Episcopis
436 1503 543 1566 autem
565 1499 737 1582 snpen'oris
766 1497 945 1564 Dalmatiae
967 1499 1070 1564 uisum
1094 1504 1152 1574 est,
1178 1499 1261 1580 quod
1284 1497 1477 1565 commodius

241 1623 332 1672 suum
356 1611 488 1686 possent
509 1605 569 1670 iter
591 1623 754 1686 peragere,
777 1605 803 1667 si
820 1621 928 1670 omnes
943 1623 1006 1669 uno
1023 1603 1150 1686 nauigio
1167 1603 1364 1670 ducerentur.
1389 1601 1478 1669 Tunc

239 1716 432 1792 praeparata
447 1711 521 1775 naui
545 1729 583 1776 ex
606 1709 751 1776 condicto
776 1714 979 1776 accesserunt
1002 1708 1044 1774 ad
1066 1714 1201 1790 portum,
1226 1715 1260 1774 et
1281 1709 1477 1790 imponentes

240 1832 322 1895 qnae
353 1819 446 1880 erant
475 1814 697 1896 nauigantibus
727 1814 907 1880 necessaria
936 1831 1046 1880 omnes
1076 1812 1142 1887 lere
1174 1813 1312 1896 episcopi
1345 1814 1477 1880 eandem

239 1938 354 1984 nauem
388 1920 656 1985 conscendenmt:
688 1918 837 1986 uidelicet
870 1918 1079 1998 cataniensis,
1112 1917 1349 1998 antibarensis,²
1378 1919 1477 1985 dulci-

240 2023 365 2090 nensis³
387 2031 420 2089 et
443 2023 632 2089 suacensis*

285 2127 365 2194 Cum
390 2135 496 2194 autem
521 2128 603 2194 circa
630 2128 751 2193 insulas
779 2128 886 2195 nentis
916 2129 1155 2211 impellerentur
1178 2149 1239 2194 non
1264 2131 1397 2195 multum
1420 2131 1476 2196 ad-

239 2234 350 2311 uersis,
375 2251 448 2300 ecco
472 2233 578 2299 subito
601 2233 799 2316 tempestatis
820 2235 914 2302 turbo
931 2234 1041 2301 madiis
1058 2233 1204 2302 fluctibns
1219 2242 1286 2302 toto
1303 2255 1337 2301 se
1348 2235 1476 2319 fragore

239 2339 403 2420 immersit,
428 2339 598 2421 statimque
625 2339 751 2406 attoniti
782 2346 898 2406 nautae
930 2339 1067 2406 confusis
1097 2341 1286 2406 clamoribus
1309 2341 1349 2406 ad
1372 2359 1474 2406 arma-

239 2449 347 2511 menta
371 2443 516 2510 uelorum
538 2463 651 2510 manns
674 2452 842 2510 accurrunt
871 2464 1046 2528 apponere,
1079 2447 1258 2513 annitentes
1284 2446 1355 2512 vela
1378 2447 1474 2528 depo-

239 2569 324 2630 nere,
348 2568 482 2616 ancoras
498 2549 660 2632 proiieere,
685 2569 724 2616 ne
747 2551 839 2616 nanis
863 2551 895 2616 in
919 2551 1092 2633 asperrima
1107 2550 1185 2629 loca,
1199 2551 1291 2632 'quae
1307 2549 1368 2616 iam
1384 2557 1475 2617 erant

237 2657 391 2738 proxima,
416 2655 578 2722 incideret.
603 2654 666 2721 Sed
689 2661 859 2736 antequam
875 2661 1008 2736 possent
1022 2655 1186 2737 quicquam
1211 2656 1354 2722 consulte
1370 2674 1474 2738 agere,

241 2759 408 2827 confestim
423 2760 522 2839 nauis,
540 2765 668 2842 arrepta
679 2759 711 2824 in
724 2759 849 2844 siccum,
866 2765 935 2827 tota
955 2760 1040 2825 illisa
1055 2766 1113 2839 est,
1130 2761 1475 2841 intumescentibusque

241 2865 391 2948 procellis
413 2865 590 2930 minutatim
607 2871 759 2945 quassata
782 2871 831 2932 est
853 2871 886 2932 et
909 2864 1080 2931 confracta.
1107 2865 1221 2947 Sisque
1237 2863 1342 2931 diuino
1359 2865 1475 2932 iudicio

240 2969 438 3036 miserabiles
460 2970 600 3052 episcopi
622 2975 657 3035 et
679 2988 797 3052 omnes,
821 2971 874 3052 qni
897 2988 967 3035 cnm
990 2969 1037 3035 eis
1059 2961 1159 3048 erant,
1183 2969 1372 3052 parternum

283 3073 373 3140 Tunc
402 3075 487 3140 ciues
518 3075 643 3140 urbium
673 3075 905 3156 praechotarum
937 3074 1035 3139 missa
1067 3073 1221 3140 relatione
1248 3076 1287 3141 ad
1318 3093 1476 3140 summum

237 3177 419 3262 pontificem
432 3179 662 3245 nuncianernnt
675 3180 714 3244 de
727 3178 891 3263 naufragio
904 3181 1124 3262 episcoporum
1137 3199 1274 3258 snorum,
1292 3179 1476 3261 suppliciter

237 3285 437 3368 postulantes
458 3284 572 3350 eximia
585 3284 779 3350 subiectione
796 3285 947 3350 ecclesiae
963 3285 1161 3366 spalatensis,
1185 3285 1263 3351 satis
1280 3284 1475 3367 probabilem

238 3390 484 3473 praetendentes
501 3389 707 3472 occasionem,
735 3391 810 3472 quio
831 3390 1042 3471 periculosum
1063 3389 1125 3455 illis
1149 3396 1218 3456 erat
1239 3395 1304 3455 tam
1320 3395 1475 3456 remotam

237 3493 403 3561 ecclesiam
430 3495 567 3560 uisitare.
592 3495 692 3572 Quam
716 3495 756 3561 ob
778 3513 844 3560 rem
868 3513 1015 3560 romanus
1037 3493 1178 3576 pontifex
1200 3495 1311 3560 annuit
1330 3494 1475 3576 petitioni

236 3617 357 3678 eorum,
382 3617 555 3680 omnesque
578 3601 744 3682 episcopos
767 3619 786 3665 a
808 3599 946 3681 Ragusio
970 3599 1115 3682 superins
1145 3599 1316 3665 absoluita
1338 3597 1475 3683 uinculo,

236 3723 300 3787 qno
316 3704 507 3771 tenebantur
522 3705 670 3786 antiquae
686 3704 964 3787 metropolitanam
986 3704 1160 3792 statuitque
1182 3722 1295 3769 nonam
1315 3710 1474 3786 metropo-

236 3810 291 3874 lim
307 3811 340 3875 in
356 3809 485 3876 ciuitate
501 3810 696 3876 antibarensi
707 3817 740 3875 et
754 3829 863 3876 omnes
880 3810 1080 3892 episcopatus
1095 3809 1275 3891 praedictos
1287 3810 1315 3876 ei
1332 3809 1473 3875 subiecit.

278 3913 415 3982 Inferior
430 3933 506 3982 uero
521 3915 681 3980 Dalmatia
696 3915 806 3980 habuit
821 3916 1021 3998 episcopatus
1038 3933 1121 3992 suaa,
1146 3933 1233 3980 more
1250 3915 1379 3995 antiquo
1395 3933 1472 3982 snae

237 4018 406 4103 metropoli
422 4020 617 4086 salonitanae
634 4020 785 4086 ecclesiae
801 4020 955 4099 subditos,
979 4019 1127 4086 uidelicet
1150 4019 1191 4084 ab
1207 4019 1368 4100 apsarensi
1392 4020 1474 4102 epis·

237 4130 354 4209 copatu
378 4126 541 4207 usquead
564 4125 804 4221 traguriensem.
826 4125 1013 4208 Vegliensis,
1045 4123 1224 4190 absarensis
1255 4129 1288 4191 et
1311 4123 1472 4190 arbensis⁶

237 4231 442 4314 episcopatus
460 4231 641 4306 habuerunt
656 4230 824 4313 parochias
847 4249 920 4302 snas
943 4231 975 4296 in
990 4229 1101 4295 insulis
1118 4229 1201 4307 snis3
1225 4229 1282 4295 sed
1297 4229 1470 4312 negliensis

238 4335 402 4402 obtinebat
423 4335 574 4400 maiorem
597 4341 720 4417 partem
732 4333 962 4418 parochiarum,
980 4352 1057 4416 quas
1073 4333 1173 4399 nuno⁷
1194 4332 1291 4399 habet
1306 4332 1471 4416 signiensis

237 4439 381 4520 ecclesia,
405 4459 487 4522 quae
509 4459 570 4506 non
594 4446 664 4507 erat
685 4445 760 4505 tunc
783 4439 970 4522 episcopalis
993 4439 1114 4506 sedes.8
1150 4437 1267 4504 Omnes
1290 4437 1374 4507 anim
1397 4438 1472 4502 ciui-

237 4549 323 4612 tates
346 4545 526 4628 praedictae
549 4545 589 4612 ad
611 4564 746 4628 regnum
768 4543 936 4612 chroatiae
958 4543 1171 4627 pertinebant.
1201 4541 1366 4609 ladrensis
1389 4541 1472 4624 epis·

319 4797 329 4830 t
