3604 5276
827 629 878 688 20.

233 705 289 769 imo
304 708 344 767 tlt.

232 841 388 927 loannes,
423 843 537 928 {lupuli
560 842 756 928 Porticipuci
799 845 999 912 Venellorum
1032 849 1120 913 dude
1146 849 1251 935 filius,
1293 850 1419 916 tloclerti
1447 855 1483 917 ln

234 944 415 1031 Dalmatia,
446 947 500 1010 ubi
529 947 690 1030 exulabat,
719 952 858 1032 primum
888 953 922 1014 in
956 951 1157 1038 Chromium,
1189 954 1260 1018 dein
1290 957 1325 1019 ln
1349 955 1478 1021 ltaliam

773 1052 929 1138 profuqit.
1131 1129 1136 1138 Ι

276 1171 459 1238 Prelibatus
483 1171 638 1251 siquidem
661 1171 813 1254 Agnellus
837 1174 900 1240 dux
923 1173 1206 1260 (veneticorum),¹
1229 1196 1300 1244 cunr
1317 1180 1397 1246 duos
1419 1180 1476 1246 ha-

233 1275 326 1341 beret
346 1280 449 1350 natos,
473 1293 555 1340 unus
578 1276 713 1355 illorum,
739 1278 771 1342 id
788 1284 839 1344 est
854 1277 1063 1357 lastinianus,
1088 1277 1395 1365 Constantinopolim
1420 1284 1474 1349 de·

234 1379 381 1458 etinavit3
406 1397 499 1460 quam
523 1378 714 1461 imperator8
735 1379 909 1448 honorifice
932 1382 1117 1464 suscipiens,
1141 1385 1219 1466 ipati
1241 1384 1394 1453 honorem
1415 1387 1476 1454 sibi

232 1483 382 1566 largivit3
405 1483 540 1549 alterum
557 1500 642 1564 vero,
666 1485 698 1549 id
714 1489 766 1550 est
780 1483 930 1567 loannes,
951 1487 1062 1552 ducem
1080 1484 1148 1554 fieri
1163 1489 1332 1571 promovit.
1354 1489 1477 1557 Dehinc

232 1592 340 1654 autem
369 1605 433 1654 non
462 1593 537 1670 post
558 1587 686 1671 longum
717 1594 843 1672 tempus
873 1589 1088 1670 lastinianus,
1120 1591 1322 1675 imperatoris
1356 1595 1473 1680 ipatus,

233 1688 512 1772 Constantinopoli
536 1691 577 1757 ad
600 1693 730 1774 proprio
753 1693 936 1774 repedavit,
967 1694 1142 1776 dolensque
1171 1694 1304 1762 fratrem
1327 1715 1419 1763 suum
1443 1699 1476 1763 in

234 1793 355 1861 honore
375 1793 583 1879 fastigiatum,
607 1798 797 1879 contempsit
819 1797 908 1863 adire
931 1798 1094 1883 palatium,
1118 1799 1175 1864 sed
1190 1800 1223 1863 in
1242 1802 1343 1866 sancti
1366 1800 1477 1868 Severi

231 1897 368 1965 ecclesia
399 1917 463 1964 una
494 1917 565 1964 curn
596 1918 653 1964 sua
677 1903 811 1985 coniuge
834 1900 1013 1984 hospitatus
1036 1907 1095 1966 est.
1128 1903 1224 1968 Pater
1247 1922 1383 1987 namque
1407 1905 1474 1972 cius

232 2020 296 2068 nou
319 2003 373 2068 diu
396 2001 452 2068 filii
473 2003 732 2078 molestationem
748 2009 781 2070 et
796 2005 972 2088 absentiam
989 2023 1103 2087 passus
1120 2005 1189 2090 luit,
1213 1994 1362 2090 quonidm
1379 2009 1473 2074 valde

229 2106 318 2172 illurn
342 2105 502 2191 diligebat
536 2107 705 2174 luterdixit
726 2109 880 2174 honorem
906 2108 1060 2188 Johanni,
1094 2115 1129 2175 et
1159 2111 1291 2192 expulso
1313 2131 1332 2177 a
1354 2114 1468 2195 patria,

233 2212 318 2294 apud
349 2210 492 2277 lateram
525 2212 684 2277 civitatem
715 2211 808 2279 exilio
830 2220 976 2279 retrusus
1000 2219 1059 2278 est.
1093 2211 1182 2278 Tunc
1205 2215 1392 2282 satisfacere
1416 2235 1474 2298 per

232 2315 337 2381 omnia
358 2313 460 2380 voluit
482 2313 662 2382 Justidiauo
685 2334 743 2380 suo
759 2314 833 2395 filio,
858 2333 920 2382 non
937 2309 1038 2380 solum
1054 2315 1157 2397 ipsum
1173 2317 1230 2384 sed
1245 2318 1340 2384 etiam
1355 2318 1473 2402 Agnei-

231 2417 296 2483 lum
315 2437 406 2484 suum
430 2423 598 2500 nepotum,
622 2418 763 2485 eiusdem
788 2418 961 2484 lustiniaui
983 2425 1110 2500 uatum,
1134 2427 1313 2488 consortem
1336 2423 1385 2488 sui
1399 2423 1477 2489 lecit

233 2522 376 2588 ducatus.
399 2519 495 2588 Unde
516 2520 712 2601 factumest,
736 2527 773 2588 ut
788 2521 960 2601 lohannes,
985 2521 1038 2603 qui
1056 2522 1140 2604 apud
1156 2522 1299 2590 lateram
1316 2526 1474 2608 exulabat,

231 2623 308 2709 iuga
336 2625 449 2707 lapsus
480 2626 616 2708 primum
648 2625 875 2706 Sclaveniam,³
905 2627 1019 2692 deinde
1049 2627 1089 2693 ad
1111 2627 1238 2694 Italiam
1262 2629 1303 2694 ad
1325 2627 1475 2713 Bergami

233 2728 396 2794 civitatem
418 2730 572 2811 pervenit.
596 2730 726 2796 Interea
748 2737 839 2813 pater
862 2736 896 2796 et
917 2729 1017 2796 frater
1039 2732 1099 2798 hoc
1120 2730 1296 2816 audientes,
1320 2733 1475 2800 miserunt

231 2833 363 2898 nuncios
393 2833 580 2915 imperatori
603 2833 793 2908 Ludovico‚⁴
823 2833 1037 2918 efflagitantes
1059 2841 1096 2901 ut
1117 2835 1178 2902 sibi
1201 2835 1353 2908 redderet
1374 2835 1473 2902 lilium

230 2935 307 3018 fuga
324 2936 458 3018 lapsum.
481 2937 662 3020 Imperator
684 2956 759 3004 vero
780 2938 918 3003 libenter
933 2939 1058 3005 illorum
1075 2939 1222 3022 precibus
1238 2939 1471 3023 obtemperans,

229 3039 370 3107 reddidit
400 3041 460 3108 eibi
488 3041 673 3123 fugitivum
705 3059 799 3123 quem
824 3042 944 3123 absque
966 3060 1056 3108 mora
1078 3042 1386 3125 Constantinopolim
1408 3061 1472 3109 una

231 3162 301 3210 cum
323 3163 422 3212 uxore
446 3145 694 3212 destinaverunt.
719 3145 768 3211 Eo
791 3163 918 3228 quoque
939 3151 1083 3228 tempore
1105 3147 1172 3212 Leo
1195 3148 1368 3229 imperator·
1386 3148 1472 3229 apud

230 3247 536 3331 Constantinopolim
560 3249 774 3317 interfectum
1311 3269 1316 3281 ·

318 3373 461 3434 lobannis
478 3371 644 3433 Chronioon
658 3379 755 3434 venet.
779 3374 882 3434 Porta:
899 3373 978 3436 Mon.
995 3373 1093 3436 Germ.
1110 3374 1161 3437 SS.
1178 3375 1245 3448 VII,
1265 3377 1401 3438 15-16.
1427 3374 1472 3439 cf.
1502 3433 1506 3442 .

276 3459 415 3520 Andreae
431 3459 560 3519 Danduli
576 3459 733 3520 chronicon
749 3465 847 3521 venet.
864 3461 1006 3520 Muratori
1021 3461 1089 3537 XII,
1109 3463 1180 3522 164.

273 3631 299 3692 G
317 3547 456 3692 1101εέ71ιὲ
472 3564 501 3606 v.
517 3545 554 3604 Α.
570 3546 619 3607 Fr.
633 3543 768 3607 Cfrbrer:
784 3546 1011 3622 Byzantinlsohe
1021 3547 1226 3610 Ceechiohtcn.
1243 3548 1299 3608 Bd.
1312 3549 1335 3626 1,
1352 3547 1381 3610 S.
1399 3550 1470 3609 145.

301 3650 351 3692 rae
455 3679 462 3693 .

267 3751 275 3783 ¹
293 3748 363 3803 Vide
380 3765 408 3818 p.
427 3752 486 3802 314.
560 3749 570 3780 ²
589 3747 646 3803 Leo
663 3747 688 3801 V
707 3749 768 3804 inde
787 3765 804 3804 a
823 3751 856 3803 10
868 3749 936 3804 Julii
949 3753 1009 3805 813.
1027 3750 1096 3806 Vide
1110 3749 1227 3808 Muralt:
1246 3751 1326 3808 Essai
1340 3750 1373 3806 de
1387 3751 1470 3808 Chro-

228 3835 379 3905 nographia
398 3833 544 3904 byzantina
561 3833 583 3902 1,
602 3836 662 3889 401.
753 3835 765 3865 ⁸
781 3835 838 3890 Iam
856 3850 872 3889 e
891 3836 945 3891 situ
963 3836 1081 3891 laderaa
1107 3835 1268 3892 concludere
1286 3835 1357 3905 licet,
1378 3837 1470 3907 ,Scla-

228 3922 339 3976 veniae‘*
360 3923 467 3977 nomine
485 3922 600 3976 vicinam
619 3921 774 3978 Chroatiam
792 3922 915 3992 intelligi.
988 3923 998 3952 ⁴
1017 3923 1101 3977 Andr.
1121 3923 1238 3978 Dandul.
1256 3924 1308 3980 loc.
1328 3926 1387 3978 cit:
1408 3925 1471 3992 „qui

228 4011 257 4065 in
277 4009 406 4078 Pergamo
424 4011 509 4064 erat“.
601 4008 611 4039 ⁵
628 4007 763 4064 Videlicet
781 4009 825 4064 dia
843 4013 876 4064 24
895 4009 1054 4065 Decembris
1072 4013 1133 4065 820.
1161 4009 1264 4064 Murclt
1282 4009 1346 4066 ibid.
1365 4026 1390 4080 p.
1403 4005 1470 4068 tob.
