3548 5282
319 387 383 452 466

316 590 496 675 Walterus,
534 590 653 660 relictis
683 591 927 672 circumquaque
958 589 1062 670 sociis,
1085 587 1239 673 fugitiuus
1273 589 1372 656 siluas
1402 589 1560 674 Bulgaro·

316 714 387 762 rum
425 703 502 780 per'
517 701 589 762 octo
631 696 700 762 dies
734 714 928 777 exsuperans
961 695 1002 760 ad
1037 695 1201 760 ciuitatem
1232 693 1438 774 ditissimum,
1478 713 1560 774 quae

316 806 449 867 uocatur
479 798 621 884 Niczb,¹¹
643 801 676 866 in
706 799 810 866 medio
840 798 1052 882 Belgarorum
1076 815 1185 882 regno,
1218 800 1361 864 secessit
1393 797 1459 864 Ubi
1490 797 1561 862 duci

315 908 348 971 et
369 904 507 988 principi
529 909 635 970 terrae
658 909 787 987 reperto
809 903 957 968 iniuriam
987 908 1021 970 et
1055 903 1204 968 damnum
1233 901 1295 968 sibi
1325 901 1448 968 illatum
1478 899 1560 967 reie-

315 1027 390 1076 rens
412 1007 565 1076 iustitiam
589 1007 629 1074 de
658 1008 803 1074 omnibus
836 1006 1007 1074 clementer
1036 1006 1078 1072 ab
1109 1023 1149 1072 eo
1173 1011 1362 1072 consecutus
1393 1011 1460 1084 est3
1483 1003 1559 1086 quin

316 1115 350 1180 et
383 1129 473 1178 anna
502 1114 536 1178 et
568 1109 753 1193 peccuniam
786 1109 833 1175 illi
855 1109 888 1175 in
923 1109 1177 1176 reconciliatione
1212 1108 1346 1192 largitus
1370 1113 1436 1188 est;
1471 1127 1509 1175 ao
1531 1107 1560 1174 el

316 1215 507 1282 conductum
546 1213 691 1282 dominus
732 1217 839 1280 terrae
873 1231 933 1294 per
967 1213 1114 1281 ciuitates
1147 1212 1336 1297 Bulgariae:
1375 1209 1561 1294 Sternitr,¹'

316 1317 552 1402 Phinopolim¹³
576 1323 672 1400 atque
694 1316 935 1400 adrianopolim
958 1315 1090 1400 pacifice
1113 1318 1266 1384 dedit...

359 1425 440 1490 Post
460 1421 543 1490 haec
563 1439 623 1489 nec
645 1420 732 1506 longi
754 1420 907 1504 temporis
923 1419 1091 1490 interuallo
1108 1421 1223 1490 Petrus
1240 1419 1423 1506 praedictus
1447 1419 1560 1502 (quon-

317 1525 391 1592 dam
414 1526 562 1612 eremita)
586 1531 619 1594 et
641 1526 800 1592 exercitus
823 1525 909 1592 illius
930 1527 1087 1608 copiosus,
1110 1532 1147 1593 ut
1168 1545 1267 1593 arena
1288 1525 1386 1592 maris
1416 1524 1561 1590 innume·

318 1629 438 1718 rabilis,
473 1630 527 1711 qui
552 1649 572 1696 a
596 1629 733 1696 diuersis
763 1629 870 1711 regnis
899 1629 947 1695 illi
980 1631 1166 1698 coniunctus
1196 1633 1408 1710 conuenerat,
1423 1615 1562 1695 ¹scilieet

317 1731 543 1815 Francigenae,
567 1731 674 1812 Sueui,
697 1732 848 1814 Baioarii,
871 1734 1067 1816 Letharingi,
1100 1734 1305 1802 continuabat
1327 1733 1448 1816 pariter
1475 1733 1560 1797 uiam

319 1836 508 1903 Jerusalem.
532 1835 592 1914 Qui
616 1838 648 1902 in
678 1837 793 1904 itinere
815 1854 873 1904 suo
895 1839 928 1902 iu
950 1837 1112 1920 Ungariae
1135 1838 1331 1904 descendens
1362 1854 1515 1920 regnum.
1532 1884 1560 1901 ..

318 1940 404 2024 regis
425 1940 649 2007 beneuolentia
662 1988 690 2004 ..
721 1941 790 2006 siue
821 1940 948 2007 turbine
970 1959 1071 2022 usque
1093 1941 1135 2007 ad
1164 1940 1358 2008 Maleuillam
1380 1958 1451 2006 eum
1474 1940 1560 2006 omni

317 2043 443 2127 legione
472 2061 531 2110 sue
561 2042 723 2126 proiectus
745 2051 803 2112 est.
839 2043 886 2111 Ut
908 2051 1015 2112 autem
1044 2045 1289 2128 appropinqauit
1319 2045 1472 2110 terminis
1498 2043 1563 2108 loci

319 2147 482 2230 praedicti,
507 2147 592 2213 larua
613 2147 646 2212 in
669 2148 799 2215 auribus
822 2148 888 2214 suis
912 2166 1104 2230 suorumque
1126 2147 1224 2215 allata
1245 2153 1304 2230 est,
1327 2147 1485 2230 quomodo
1508 2164 1559 2214 oo-

319 2269 388 2318 mes
411 2250 550 2334 regionis
573 2251 668 2332 illius,
699 2252 825 2319 nomine
846 2251 924 2332 Gna,
949 2271 1030 2319 unus
1053 2253 1093 2318 de
1114 2252 1303 2336 primatibus
1336 2253 1422 2335 regis
1452 2249 1562 2334 Unge-

318 2354 395 2440 riae,
421 2355 558 2421 ouantia
585 2360 752 2437 corruptus
776 2355 1001 2422 adunationem
1024 2360 1217 2422 armatorum
1249 2357 1460 2423 contraxisset
1481 2355 1562 2420 mili·

318 2462 396 2539 turn,
420 2463 453 2525 ct
474 2458 646 2542 pessimum
676 2458 841 2526 consilinm
871 2458 995 2526 iniisset
1025 2477 1096 2525 curu
1118 2459 1283 2543 praedicto
1314 2452 1404 2540 duce,
1435 2459 1564 2526 Niobita

318 2562 610 2650 nomine,principe
632 2561 844 2645 Bulgarornm
874 2567 909 2630 et
931 2563 1079 2645 praeside
1101 2563 1241 2630 ciuitatis
1272 2562 1459 2647 Belegraue,
1484 2582 1562 2646 qun·

320 2671 416 2733 tenus
439 2671 474 2732 et
494 2667 563 2750 ipse
594 2666 729 2735 collecta
751 2667 870 2735 uirtute
894 2667 1069 2734 satellitum
1099 2669 1277 2736 anteriores
1309 2668 1443 2752 agminis
1475 2667 1563 2734 Petri

320 2769 497 2837 debellaret
530 2777 564 2838 et
595 2771 763 2853 occideret,
798 2771 868 2854 ipse
901 2789 980 2838 uero
1003 2777 1182 2854 postremos
1211 2771 1408 2842 insecutione
1431 2789 1562 2839 auorum

320 2873 456 2940 militum
483 2874 694 2960 detruncaret,
717 2881 754 2943 ut
776 2875 822 2943 sic
843 2876 994 2942 uniuersa
1009 2876 1111 2959 spolia
1126 2878 1207 2943 tanti
1225 2878 1382 2945 exereitus
1405 2877 1438 2942 in
1460 2877 1561 2958 equis,

321 2995 398 3054 auro
422 2984 456 3046 et
474 2985 607 3063 argento
637 2998 675 3046 ac
697 2981 842 3048 uestibus
872 2980 1049 3064 diriperent
1078 2987 1110 3048 et
1130 2981 1320 3049 diuiderent.
1343 2981 1460 3047 Petrus
1482 2979 1563 3046 haee

319 3083 461 3164 audiens,
492 3083 569 3165 quis
599 3082 769 3150 Christiani
792 3089 884 3152 erant
914 3085 1037 3168 Ungori
1060 3089 1095 3152 et
1115 3085 1258 3170 Bulgari,
1285 3084 1410 3150 omnino
1433 3084 1474 3150 de
1497 3083 1562 3150 illis

318 3191 442 3254 tantum
474 3185 595 3254 lacinus
626 3188 756 3256 credere
775 3188 886 3270 noluit,
907 3207 1074 3272 quousque
1098 3190 1140 3257 ed
1169 3188 1366 3257 Maleuillanr
1392 3189 1562 3258 uenientes

319 3293 455 3359 consocii
477 3291 570 3368 illius,
584 3311 673 3360 arma
695 3297 729 3359 et
751 3293 854 3375 spolia
876 3294 1014 3361 sedecim
1037 3295 1194 3362 sociorum
1218 3293 1360 3370 Walteri,
1384 3294 1418 3358 in
1442 3293 1562 3360 moeni-

317 3394 377 3462 bus
411 3401 444 3460 et
473 3395 571 3462 muris
601 3396 784 3482 pendentia,
817 3403 1019 3480 aspexerunt,
1051 3417 1131 3481 quos
1153 3397 1249 3481 paulo
1283 3401 1357 3464 ante
1380 3399 1563 3464 retardatos

318 3498 441 3582 Ungari
463 3500 496 3565 in
520 3499 595 3567 dolo
625 3499 765 3582 spoliare
788 3506 1053 3584 praesumserant.
1086 3503 1203 3568 Petrus
1226 3509 1333 3568 autem
1356 3501 1417 3568 hnc
1439 3499 1562 3570 cunira-

319 3607 403 3668 trum
425 3603 541 3670 iniuria
570 3609 733 3686 comperto
761 3606 905 3688 uisisque
927 3606 1053 3673 illorum
1077 3607 1174 3674 armis
1205 3613 1240 3674 et
1261 3606 1372 3690 spoliis
1395 3605 1497 3674 socios
1520 3607 1563 3671 ud

320 3705 493 3774 uindictam
515 3706 674 3773 admonet.
699 3706 760 3785 Qui
782 3707 909 3776 fortiter
930 3711 1028 3794 signis
1050 3711 1244 3777 cornicinum
1267 3712 1422 3792 intonant,
1447 3709 1564 3778 erectis

323 3810 422 3894 signis
446 3811 488 3876 ad
510 3812 634 3880 moenia
656 3811 836 3894 condolent,
860 3833 970 3880 muros
981 3815 1136 3898 grandine
1154 3817 1341 3898 sagittarum
1365 3821 1564 3899 oppugnant,

319 3931 400 3996 quos
434 3920 499 3980 tam
533 3915 712 3982 incessabili
747 3921 780 3982 et
809 3918 985 3986 incredibili
1016 3921 1174 3987 densitate
1203 3920 1303 3986 oculis
1332 3920 1366 3985 in
1396 3919 1564 3988 moenibus

317 4018 535 4084 assistentium
558 4019 794 4103 intorquebant,
817 4027 854 4088 ut
875 4041 1075 4106 nequaquam
1098 4025 1249 4090 uirtutem
1275 4023 1439 4091 Gallorum
1461 4025 1565 4106 impu·

316 4122 482 4205 gnantium
512 4122 635 4206 ngari
666 4123 800 4194 sufferre
831 4126 993 4208 ualentes,
1025 4147 1045 4193 a
1073 4147 1164 4195 muro
1195 4129 1408 4214 declinarent,
1432 4129 1460 4195 si
1481 4127 1566 4196 forte

315 4224 400 4292 intra
423 4225 586 4294 ciuitatem
608 4233 683 4294 aute
705 4230 793 4296 uires
824 4229 951 4296 illorum
974 4249 1140 4298 remanere
1162 4231 1317 4300 ualerent
1334 4231 1383 4298 Ad
1399 4232 1478 4299 hoec
1500 4233 1565 4301 Go-

317 4327 463 4396 defridus
496 4331 640 4415 quidam,
675 4349 851 4414 cognomen
883 4333 1006 4402 habeus
1038 4335 1147 4416 Burei,
1183 4336 1223 4403 de
1258 4335 1397 4421 Stnmpis
1432 4337 1565 4404 ciuitate
1614 4337 1618 4349 '

318 4437 418 4518 ortus,
443 4436 597 4516 magister
619 4441 654 4503 et
675 4435 807 4520 signiter
831 4437 1038 4506 ducentorum
1062 4440 1215 4522 pediturn,
1239 4441 1293 4522 qui
1316 4446 1349 4507 ct
1371 4441 1440 4522 ipse
1462 4441 1566 4522 pedes

316 4541 395 4617 erat,
419 4534 511 4604 fortis
534 4537 666 4620 uiribus,
689 4539 817 4608 intuens
841 4541 947 4626 lugam
982 4543 1238 4610 aduersariorum
1269 4544 1378 4626 procul
1402 4564 1421 4610 a
1444 4545 1565 4611 moeni-

313 4637 384 4725 bus,
407 4657 515 4713 moros
538 4643 633 4728 scala,
657 4661 752 4726 quarn
774 4644 857 4712 forte
879 4647 997 4714 ibidem
1019 4649 1149 4731 reperit,
1172 4645 1359 4718 transuolat.
1384 4648 1562 4717 Reinoldus
1677 4655 1680 4662 '
