3604 5276
579 623 790 706 descendant3
814 619 908 689 flores
931 639 989 688 uec
1011 619 1107 687 tellus
1129 638 1310 704 purpureos

581 728 747 810 germinet,
770 725 885 790 humus
909 743 968 792 nec
990 725 1111 790 fructus
1133 724 1286 808 triticeos,

581 829 684 895 ulinus
707 845 765 895 nec
786 829 882 894 vitem
905 833 1063 913 gemmato
1086 845 1156 893 cum
1178 828 1327 909 pampino

582 938 750 1010 sustentet,
774 949 852 998 uvas
875 949 934 996 nec
955 933 987 996 in
1011 931 1107 996 remis
1131 931 1278 1013 pendeat,

581 1035 727 1104 frondent
748 1033 827 1102 ficus
849 1033 933 1102 sicco
956 1053 1082 1118 semper
1105 1035 1224 1118 stipite,

581 1140 666 1206 leret
687 1157 746 1206 nec
768 1139 866 1206 mbus
888 1137 1080 1234 melsgrcnis
1103 1140 1227 1220 punice,

582 1249 707 1325 promat
729 1245 850 1310 irsutus
873 1260 933 1309 nec
954 1243 1069 1326 globus
1092 1249 1269 1322 castaneas,

582 1347 637 1414 ubi
660 1345 774 1414 cecidit
796 1348 845 1412 vir
866 1345 958 1413 fortis
978 1347 1010 1410 in
1033 1347 1155 1428 proelio

582 1450 683 1534 clipeo
706 1451 818 1536 fracto,
842 1455 1009 1516 cruentata
1031 1449 1200 1536 rumphea,

583 1555 714 1624 lanceae
737 1571 859 1620 summo
884 1559 1013 1620 retunso
1037 1572 1110 1620 nam
1132 1553 1244 1635 iaculo,

583 1658 708 1742 sagittis
731 1656 852 1724 fossum
874 1655 982 1722 lundis
1004 1675 1080 1724 sexa
1101 1657 1196 1723 fortia

583 1779 699 1844 corpus
721 1759 840 1827 iniecta
860 1760 1048 1832 contrivisse
1069 1761 1183 1828 dicitur
1206 1812 1213 1828 .
1239 1813 1245 1826 .
1271 1811 1277 1824 .

473 1921 644 1999 inopinatus
666 1919 744 1980 lirioi
768 1925 797 1980 et
821 1919 942 1980 Geroldi
959 1920 1097 1981 decessus
1114 1939 1250 1998 magnum
1267 1923 1347 1999 apud
1362 1923 1493 1982 Francos
1508 1939 1621 1982 moero·

429 2027 492 2070 rem
515 2007 673 2077 excitavit,
697 2008 737 2065 uti
761 2012 888 2082 apparet
910 2025 968 2066 non
984 2007 1071 2068 modo
1087 2025 1124 2067 er
1139 2007 1194 2068 hoo
1209 2009 1325 2068 Paulini
1340 2014 1495 2086 poemate,
1518 2026 1622 2069 verum

367 2140 373 2155 .
430 2097 518 2157 etiarn
536 2112 574 2154 ex
590 2093 707 2153 Alcuini
723 2094 826 2152 litteris
842 2087 1054 2174 (wattenbach
1071 2099 1100 2152 et
1114 2095 1284 2154 Dummler:
1300 2095 1488 2155 Monumenta
1502 2095 1621 2155 Alcuni·

345 2172 349 2180 ’
430 2200 497 2242 ana.
514 2199 542 2256 p.
560 2181 632 2256 501,
660 2177 748 2259 505),
775 2179 892 2254 scriptis
914 2197 1014 2240 mense
1037 2181 1150 2240 octobri
1173 2182 1220 2240 vel
1243 2182 1396 2242 novembri
1419 2180 1522 2242 eodem
1545 2197 1622 2240 anno

431 2270 500 2328 799.
527 2265 657 2339 Quarum
674 2281 733 2324 una
749 2265 874 2339 epistola
889 2264 1026 2326 Carolnm
1049 2283 1150 2342 regern
1167 2269 1351 2344 oonsolatnr3
1374 2269 1486 2341 altera,
1509 2266 1623 2326 Arnoni

429 2351 591 2413 luceriensi
607 2351 736 2428 praesuli
752 2350 879 2426 directa,
904 2352 1108 2426 conqueritur:
1135 2352 1249 2435 „Ecce,
1274 2353 1419 2428 quomodo
1437 2358 1623 2414 recesserunt

432 2441 528 2500 subito
551 2439 606 2496 viri
629 2435 779 2496 fortissimi
802 2435 855 2514 (so.
879 2437 1004 2497 Erichus
1028 2441 1058 2496 et
1081 2437 1249 2516 Geroldus),
1274 2441 1323 2514 qni
1338 2440 1478 2499 terminos
1493 2439 1622 2498 custodi·

431 2530 516 2586 erunt
531 2526 619 2583 etiam
636 2529 666 2582 et
680 2523 879 2582 dilataverunt
904 2523 1053 2583 christiani
1069 2524 1193 2600 imperii.
1221 2526 1289 2585 Non
1303 2528 1397 2585 solum
1412 2525 1469 2585 hoc
1484 2526 1622 2586 damnum

430 2612 606 2688 plangimus,
623 2609 675 2668 ssd
690 2609 808 2667 maioris
824 2609 945 2684 periculi
961 2612 1076 2685 signum
1092 2607 1257 2672 timemus“.

474 2699 541 2757 Duo
557 2696 605 2755 bio
619 2697 674 2756 loci
699 2694 885 2755 observande
901 2699 982 2754 sunt:
1007 2697 1115 2756 bellurn
1132 2702 1233 2757 contra
1248 2697 1365 2757 Avaros
1380 2703 1410 2758 et
1425 2713 1503 2756 mors
1518 2695 1621 2760 Eriohi

431 2785 522 2844 ducis.
549 2783 608 2841 Vix
632 2781 708 2842 enim
733 2779 822 2840 Avari
846 2799 873 2840 a.
892 2783 952 2841 796
977 2781 1084 2842 devicti
1100 2786 1184 2861 sunt,
1211 2783 1299 2843 fidem
1315 2783 1421 2844 Oarolo
1438 2783 1537 2842 datam
1553 2801 1622 2842 mox

429 2870 596 2948 fregerunt3
620 2868 764 2927 'Pudunns
788 2867 962 2944 praeprimis
981 2869 1029 2945 „in
1045 2869 1189 2942 promissa
1210 2869 1351 2930 fidelitate
1367 2870 1417 2930 din
1435 2885 1554 2929 manere
1569 2886 1620 2928 no-

429 2957 500 3016 luit“
521 2953 641 3037 (Annal.
665 2953 807 3012 Einhardi
823 2953 861 3013 ad
877 2971 904 3013 a.
923 2949 1008 3034 796).
1035 2955 1134 3028 Quare
1158 2954 1281 3021 Carolus
1303 2975 1331 3015 a.
1350 2959 1410 3018 797
1427 2956 1505 3016 misit
1519 2955 1622 3030 Pippi-

429 3061 498 3103 num
521 3059 622 3117 regem
644 3041 715 3120 item
737 3039 840 3099 ducem
863 3040 1001 3100 Eriohnm
1025 3041 1054 3100 in
1078 3042 1243 3102 Hunnism“
1271 3041 1389 3121 (Annal,
1405 3044 1529 3102 alaman.
1548 3043 1621 3116 797,

430 3131 526 3189 annal.
544 3125 728 3200 Guelferbyt.
749 3127 766 3184 7
770 3127 809 3185 97
814 3173 819 3185 .
847 3127 950 3185 Perta:
966 3125 1028 3187 Sor.
1046 3127 1144 3188 Germ.
1161 3129 1184 3204 1,
1203 3130 1253 3190 45.
1271 3127 1336 3208 48).
1365 3127 1507 3203 Oppressi
1521 3127 1622 3186 hostes

430 3217 571 3275 miserunt
586 3213 664 3274 circa
679 3212 765 3271 finem
781 3212 849 3271 anni
866 3214 979 3287 legatos
995 3230 1064 3273 suos
1079 3215 1117 3273 ad
1130 3213 1227 3275 Caroli
1243 3220 1359 3292 „castra
1371 3231 1460 3290 super
1471 3214 1620 3273 Wisuram

432 3307 462 3362 et
486 3303 581 3361 locum
604 3302 767 3359 castrorum
783 3293 941 3358 Heristsli“
960 3297 1120 3380 (Herslelle
1144 3319 1180 3360 au
1197 3301 1250 3360 der
1265 3300 1393 3380 Weser),
1422 3301 1492 3379 „qui
1507 3302 1623 3374 lagatos

430 3389 602 3448 Hunnorum
626 3402 690 3444 curn
713 3384 828 3458 magnis
850 3387 1019 3445 muneribus
1042 3388 1080 3446 cd
1103 3404 1135 3447 se
1157 3389 1262 3446 missos
1285 3388 1398 3458 audivit
1420 3392 1450 3446 et
1474 3383 1621 3446 absolvit“

433 3474 587 3554 (Einhardi
603 3472 701 3530 annal.
718 3469 757 3528 ad
772 3487 799 3530 a.
815 3472 885 3530 797.
903 3471 990 3530 Pertz
1002 3473 1026 3547 Ι,
1045 3467 1130 3553 183).
1147 3471 1206 3533 Sed
1218 3474 1323 3532 iterum
1339 3473 1495 3556 „Wandali
1508 3472 1621 3532 mentiti

432 3559 518 3619 sunt“
536 3557 657 3638 (Annal.
672 3555 827 3616 Alamann.
844 3557 882 3615 ad
898 3575 924 3615 a.
943 3555 1029 3637 798).
1051 3558 1138 3617 Nova
1154 3559 1254 3634 itaque
1270 3578 1297 3621 a.
1317 3562 1377 3620 799
1393 3558 1543 3636 expeditio
1558 3575 1621 3617 sus-

432 3651 520 3722 cepta
542 3649 604 3722 est,
627 3644 656 3702 iu
680 3659 739 3716 qua
760 3643 915 3702 Baioariae
939 3641 1000 3701 dux
1022 3643 1169 3704 Geroldus
1184 3645 1232 3706 die
1250 3649 1266 3704 1
1284 3646 1458 3723 septembris
1474 3645 1620 3722 occubuit,

431 3733 501 3807 quin
527 3735 624 3792 temen
648 3732 807 3806 propterea
822 3729 947 3788 victoria
962 3729 999 3788 de
1013 3729 1122 3790 Avaris
1136 3731 1278 3808 impedita
1293 3736 1372 3792 esset
1388 3730 1542 3812 (Einhardl
1559 3732 1621 3790 vita

430 3818 534 3878 Karoll
549 3819 589 3878 11.
605 3835 629 3877 c.
651 3817 699 3876 13.
716 3815 803 3874 Parin
818 3815 857 3892 ΙΙ,
875 3815 960 3891 451).

471 3901 499 3964 E
516 3903 631 3966 Paulini
646 3903 676 3962 in
692 3900 833 3960 Erichum
849 3895 996 3976 encomiis,
1014 3905 1037 3963 si
1054 3920 1070 3963 e
1086 3903 1205 3963 licentia
1215 3903 1330 3979 politica
1341 3901 1549 3978 restringenda
1564 3921 1623 3962 non

432 3996 507 4068 sunt,
525 3990 630 4050 deduci
647 3992 764 4066 posset,
788 3987 918 4047 eiusdem
935 4005 1025 4064 opera
1040 4007 1097 4049 non
1114 3990 1201 4049 modo
1218 3991 1416 4070 Pannoniam,
1440 3990 1622 4049 sirmiensem

431 4095 525 4152 aeque
541 4094 576 4136 ac
592 4077 766 4150 aculensem,
783 4090 885 4132 verum
901 4076 989 4135 etiarn
1004 4077 1180 4135 Dalmatiam
1197 4077 1254 4135 iarn
1270 4081 1339 4135 ante
1354 4095 1381 4136 e.
1401 4077 1472 4153 799,
1489 4076 1625 4150 adeoque

430 4163 508 4223 intra
525 4163 672 4222 791-99
689 4176 797 4238 annos,
821 4160 1001 4220 Francorum
1027 4163 1154 4221 dominio
1176 4162 1321 4222 subditam
1345 4163 1444 4224 fnisse.
1469 4161 1504 4222 Id
1526 4167 1625 4220 mmen

433 4257 543 4308 certum
560 4266 625 4306 esse
641 4247 772 4320 videtur,
795 4247 960 4307 Dalmatiae
975 4253 1106 4327 partem,
1129 4249 1234 4309 Istriae
1250 4249 1434 4330 contiguam,
1455 4249 1627 4309 Liburniam
1657 4323 1662 4332 .

432 4335 577 4411 videlicet,
594 4351 670 4409 quae
687 4332 878 4394 Olrroatorum
896 4333 962 4394 duci
977 4335 1095 4395 subdita
1109 4339 1173 4394 erat
1189 4332 1231 4418 (v.
1249 4335 1298 4396 inf.
1316 4353 1359 4394 nr.
1378 4337 1416 4393 21
1434 4334 1472 4393 sd
1489 4352 1518 4394 a.
1535 4333 1625 4414 821),

431 4425 528 4480 sotum
544 4421 601 4480 lam
618 4421 798 4479 Francorum
822 4420 923 4478 ditioni
940 4421 1083 4495 paruisse.
1110 4421 1182 4480 Post
1203 4419 1303 4480 Erichi
1318 4425 1349 4480 et
1364 4420 1486 4481 Geroldi
1500 4426 1624 4480 mortam

430 4504 500 4565 facti
515 4511 583 4564 sunt
599 4506 704 4564 duces:
721 4505 868 4565 (indolens
884 4504 1061 4585 (cadolach)
1074 4506 1277 4587 foroiuliensis,
1294 4505 1533 4568 Gottorhammus
1549 4503 1623 4586 (Go-

431 4590 519 4672 tram)
536 4592 711 4650 balearicus.
727 4591 762 4651 E.
775 4591 943 4652 Dltmmler:
960 4593 1060 4652 Ueber
1072 4592 1119 4652 die
1131 4592 1329 4654 slldbstllchen
1342 4593 1466 4655 Marken
1478 4593 1532 4653 des
1543 4591 1623 4652 irin·

430 4675 551 4738 kirchen
567 4675 692 4737 Reiohes
706 4683 793 4738 unter
808 4679 865 4738 den
880 4679 1089 4754 Kerolingsrn.
1105 4695 1135 4755 p.
1152 4680 1181 4758 8,
1202 4680 1252 4740 16.
