3604 5276
1382 395 1451 458 ’297

217 603 253 664 ut
284 597 407 678 dicum,
444 598 529 680 quod
558 599 591 664 in
620 599 728 666 multis
759 597 871 666 diebus
901 599 1002 665 maior
1031 598 1148 681 stragis
1178 589 1219 664 de
1241 597 1317 680 ipsis
1339 598 1452 664 Avaris

213 700 331 768 tactum
353 721 415 768 non
440 701 509 768 luit.
534 701 577 769 Et
599 702 838 786 expoliaverunt
861 705 965 784 ipsum
991 703 1134 787 uualum3
1165 708 1198 768 et
1221 701 1374 768 sederunt
1395 703 1454 768 ibi-

217 807 288 872 dem
312 807 382 888 ipsa
405 811 498 872 nocte
517 805 567 871 vel
591 807 624 871 iu
647 807 786 872 crastina
808 824 909 888 usque
932 807 1011 872 hora
1033 807 1094 874 dici
1117 807 1221 873 tertia.
1251 806 1295 874 Et
1317 808 1455 888 acceptis

214 909 348 992 expoliis
380 911 498 976 reversi
529 908 665 976 suntin
698 927 786 991 paee.
821 909 866 975 Et
897 917 1022 996 eentum
1052 911 1281 996 quinquaginta
1305 910 1344 978 de
1366 911 1454 993 ipsas

214 1011 327 1078 Avaris
350 1013 440 1078 vivos
463 1012 787 1095 comprehenderunt,
821 1032 901 1096 quos
924 1020 1182 1093 reservaverunt,
1207 1021 1243 1080 ut
1265 1021 1377 1081 nostra
1398 1013 1455 1080 fiat

212 1115 329 1200 iussio,
361 1116 501 1198 qualiter
530 1115 643 1184 exinde
665 1134 762 1199 agere
787 1119 933 1184 debeant.
968 1116 1094 1185 Fideles
1118 1119 1169 1185 dei
1192 1137 1230 1184 ao
1251 1119 1368 1198 nostri,
1400 1118 1452 1200 qui

214 1219 275 1285 boe
297 1225 441 1302 egerunt,
464 1219 595 1286 fuerunt
616 1220 670 1285 ille
687 1222 862 1304 episeopus,
887 1221 931 1287 ill.
953 1221 1025 1304 dur,
1048 1223 1092 1287 ill.
1117 1229 1149 1290 et
1172 1221 1215 1287 ill.
1240 1223 1378 1287 oondtes.
1403 1223 1451 1286 lll.
1515 1297 1519 1302 ¹

216 1323 279 1390 dux
300 1323 343 1388 de
364 1321 489 1390 Histria
511 1321 688 1406 (loannes),
712 1331 749 1388 ut
772 1324 960 1390 dictumest
982 1325 1089 1408 nobie,
1111 1327 1195 1406 quod
1225 1324 1341 1392 ibidem
1370 1325 1453 1390 bene

215 1423 291 1493 lecit
312 1426 356 1492 ill.
382 1443 452 1492 oum
475 1427 540 1494 suia
562 1426 753 1494 bominibus.
777 1427 873 1492 Vassi
896 1447 970 1494 vero
994 1430 1092 1495 nostri
1115 1427 1247 1493 luerunt
1267 1428 1385 1493 illi...

303 1549 456 1627 Epistolae
468 1549 633 1630 0818111188,
646 1570 692 1629 ep.
704 1553 733 1613 6.
749 1553 841 1612 June:
857 1553 1045 1612 Monumenta
1053 1551 1199 1613 08181188.
1215 1553 1344 1614 Beroliui
1359 1555 1451 1634 1867,

300 1723 386 1783 Bella
400 1724 582 1784 Francorum
599 1741 664 1784 oum
679 1723 787 1784 Avaris
803 1742 866 1784 rem
889 1729 1018 1784 nostram
1034 1729 1169 1801 epeotaut
1191 1727 1238 1785 vel
1261 1726 1346 1798 ideo,
1373 1725 1451 1800 quod

261 1809 425 1868 saviensem
449 1815 479 1869 et
501 1810 682 1870 sirmiensem
705 1811 874 1870 Pannoniae
898 1815 1012 1885 partem
1034 1829 1053 1869 8
1076 1811 1202 1870 dominio
1217 1811 1382 1871 Avarornm
1401 1831 1449 1886 pe-

260 1894 401 1956 detentim
426 1897 632 1968 liberaverint,
661 1897 739 1972 qnod
756 1896 873 1957 Slaveni
897 1897 1079 1956 Francorum
1094 1899 1123 1955 in
1138 1897 1240 1957 iisdem
1257 1899 1328 1958 sooii
1345 1897 1453 1956 suerint

260 1981 303 2059 (v.
320 1999 373 2042 nro
389 1979 478 2062 aeq),
508 1982 588 2057 quod
610 1983 716 2042 Franei
741 1982 797 2042 hae
819 2000 937 2058 quoque
960 1987 1046 2058 parte
1068 1983 1203 2042 Obroatis
1219 1984 1385 2044 Dalmatiae
1400 1983 1451 2042 ad·

262 2069 503 2144 propinquarent,
528 2069 655 2143 indeque
670 2085 748 2128 nova
763 2069 838 2129 inter
853 2075 993 2144 utrosque
1008 2070 1112 2128 relatio
1127 2069 1298 2129 initiaretur.
1327 2071 1451 2130 Devioto

160 2147 165 2154 '
259 2169 389 2228 suaeque
412 2155 513 2214 ditioni
537 2154 802 2231 Langobardorum
825 2155 932 2214 dueatu
958 2154 1135 2214 foroiuliensi
1160 2151 1451 2233 (ammoniacae,

259 2240 347 2300 latria
364 2257 481 2315 quoque
497 2242 585 2317 paulo
601 2247 668 2316 post
684 2239 723 2320 (o.
741 2259 770 2300 a.
788 2241 862 2317 788)
879 2242 1013 2300 orientali
1029 2242 1225 2302 Romanorum
1241 2242 1363 2316 imperio
1380 2242 1447 2301 aub-

260 2329 365 2400 traeta,
381 2327 518 2386 Baioaria
533 2326 600 2386 dein
616 2325 716 2406 (788),
741 2328 815 2387 duee
838 2327 968 2387 eiusdem
984 2327 1159 2387 Thaesilone
1175 2327 1328 2404 deposito,
1351 2328 1451 2388 aubiu·

260 2417 342 2489 gata,
359 2412 486 2473 Carolus
498 2413 623 2488 primurn
638 2430 703 2474 oum
719 2413 827 2474 Avaris
854 2413 981 2489 ,agebat
1003 2414 1040 2474 de
1064 2413 1196 2472 oonfiniia
1210 2431 1369 2489 regnorum
1384 2430 1452 2472 eno·

259 2497 345 2558 111111ιι
362 2515 467 2559 versus
482 2499 661 2558 Pannoniam
678 2496 720 2578 (8.
738 2499 821 2575 790).
845 2498 956 2560 Exorta
981 2499 1049 2560 iude
1076 2500 1242 2582 „eontentio
1259 2503 1348 2574 atque
1363 2501 1452 2559 alter-

262 2586 338 2645 catio
362 2585 451 2662 belli,
475 2585 556 2661 quod
577 2591 681 2661 postea
704 2603 769 2646 eum
786 2587 900 2646 Hunnis
915 2591 1031 2662 gestum
1046 2591 1099 2662 eat,
1117 2585 1305 2646 seminarium
1322 2591 1352 2646 et
1369 2587 1452 2662 origo

260 2669 334 2730 11111ιι
353 2667 510 2746 (1111118161
525 2671 623 2731 annal.
641 2689 667 2732 a.
686 2671 771 2749 790),
796 2689 830 2732 88
847 2673 964 2747 quidem
981 2690 999 2733 a
1014 2671 1136 2748 18111811,
1154 2671 1233 2747 quod
1248 2671 1341 2732 Avari
1357 2671 1439 2732 'illias

258 2757 359 2818 silonis
381 2759 454 2817 eooii
480 2757 574 2833 pridie
598 2761 807 2834 ostentatque
834 2759 967 2836 ,duobus
994 2759 1364 2836 exereituseomparatia,
1391 2775 1451 2818 uuo

259 2861 386 2903 1118188111
402 2843 649 2919 Foroiuliensem,
674 2845 767 2903 altero
782 2845 969 2906 Baioariam“
986 2846 1157 2906 invaserant
1172 2838 1292 2926 (Aunal.
1309 2843 1451 2904 llinbardi

257 2947 284 2990 8.
302 2931 374 2990 788.
391 2930 479 2988 Ρ8118
494 2930 518 3004 l,
538 2927 623 3010 175).
647 2931 784 2989 Ρ18811118
799 2931 857 2990 18111
873 2948 949 2991 811118
965 2930 1055 3012 (791)
1072 2936 1140 3008 post
1154 2929 1267 3009 paseha
1281 2935 1342 2990 1188
1358 2932 1450 2990 Fran·

258 3032 357 3076 oerum
374 3017 521 3076 exereitus
536 3014 653 3076 Avares
667 3017 803 3092 aggressi
818 3021 901 3090 sunt,
926 3035 1049 3092 quorum
1064 3034 1140 3077 unns
1155 3035 1192 3077 ex
1207 3017 1295 3078 Italia
1310 3033 1364 3092 per
1379 3017 1449 3091 llly-

257 3101 309 3160 rioi
335 3106 437 3178 partes
459 3106 501 3177 (v.
525 3101 646 3162 1111811118
668 3120 713 3163 nr.
732 3104 771 3162 91
789 3103 828 3161 ad
843 3120 871 3162 a.
889 3103 963 3178 890)
989 3104 1171 3163 Pannoniam
1197 3105 1314 3164 invasit.
1332 3102 1447 3164 Exinde

258 3189 395 3263 equidem
421 3188 527 3248 dednei
542 3205 600 3249 uon
616 3191 722 3264 potest,
747 3189 882 3263 Pipinum
908 3189 962 3248 sibi
986 3189 1110 3264 primurn
1133 3189 1277 3250 01188188
1292 3190 1452 3250 subiecisse

257 3273 403 3352 (Kranaez
419 3275 478 3336 Res
493 3273 647 3334 Slavornm
663 3291 693 3350 p.
713 3272 864 3354 16-17),
880 3273 933 3334 aad
948 3275 1163 3350 expeditionem
1176 3275 1252 3336 bano
1263 3293 1339 3337 novo
1351 3293 1450 3336 rernm

257 3359 352 3420 ordini
368 3360 447 3420 viam
461 3362 612 3435 8118111888,
629 3361 746 3420 omnino
762 3359 939 3422 tensendum
954 3367 1008 3420 est.

297 3445 438 3522 Sequenti
454 3462 532 3508 anno
551 3449 611 3506 792
631 3465 703 3528 „rer
719 3443 870 3528 (Carolus)
895 3451 1017 3522 propter
1043 3448 1151 3508 bellum
1175 3463 1241 3506 oum
1257 3447 1448 3508 1188818888-

258 3536 374 3607 oeptum
390 3532 420 3591 in
435 3532 573 3592 Baioaria
589 3529 683 3610 (apud
698 3534 924 3609 Reganesburg.
940 3533 1046 3593 Annal.
1063 3532 1209 3593 Moiseiao.
1230 3533 1317 3592 Perta
1333 3534 1356 3600 l,
1375 3530 1451 3617 999)

256 3622 374 3692 pontem
397 3619 634 3694 navalemque
656 3620 686 3678 in
707 3619 845 3678 Danubio
863 3619 904 3678 ad
926 3618 956 3678 id
972 3620 1080 3680 bellurn
1096 3625 1246 3696 uteretur,
1271 3618 1447 3698 aedifioavit,

256 3701 356 3778 ibique
381 3705 509 3762 natalem
533 3704 642 3764 domini
665 3709 695 3763 et
718 3709 850 3765 sanetum
873 3704 984 3780 paseha
1007 3703 1040 3785 (7
1066 3722 1130 3781 apr.
1156 3707 1232 3788 793)
1257 3703 1448 3766 eelebravit“.

256 3783 411 3868 (Einhardi
427 3789 525 3848 annal.
543 3789 567 3865 1,
593 3792 665 3850 179.
683 3789 725 3849 01.
742 3791 989 3851 811118111881188.
1006 3790 1075 3852 ibid.
1092 3792 1116 3869 Ι,
1136 3791 1219 3868 178).
1247 3789 1357 3850 Verum
1373 3790 1450 3851 bello

255 3875 394 3935 saxoniae
409 3875 568 3951 impeditus
584 3874 707 3935 Carolus
722 3893 829 3936 novam
852 3876 1069 3952 expeditionem
1092 3881 1195 3937 eontra
1217 3877 1353 3949 Avares,
1376 3893 1451 3952 quos

255 3961 335 4020 missi
361 3961 498 4022 Saxonioi
521 3961 639 4040 „eonati
663 3967 730 4021 sunt
752 3962 915 4024 rebellare“
942 3961 1060 4041 (Aunal.
1083 3964 1183 4023 bleisa.
1207 3969 1238 4024 et
1252 3961 1444 4023 Laureebam.

255 4046 325 4108 ibid.
342 4046 364 4124 I,
382 4049 432 4109 35.
450 4045 537 4128 299),
553 4063 649 4124 usque
665 4047 704 4108 ad
720 4066 746 4108 a.
765 4051 826 4108 796
842 4048 961 4108 differre
977 4049 1086 4111 debuit.

247 4145 294 4199 ¹1.
312 4161 336 4201 8.
354 4145 472 4214 iamavit,
491 4145 652 4202 blautavit.¹
