3604 5276
340 371 403 436 288

948 579 977 638 3.

382 677 549 745 Gloriosus
571 677 679 758 itaque
708 681 830 757 martyr
853 675 1036 759 (Domnius)
1060 674 1152 742 nonis
1175 675 1250 740 Maii
1273 681 1376 741 terras
1399 674 1582 754 relinquens

339 783 379 848 ad
403 782 525 850 coelum
548 781 712 862 migravit,
745 779 789 845 'ab
818 779 888 860 ipso
912 778 1079 846 conditore
1099 779 1236 844 omnium
1260 777 1506 844 immortalitatis
1528 795 1580 844 co·

337 903 447 950 ronam
469 889 668 966 accepturus,
691 901 749 965 pro
766 883 979 954 cuiuaamore
994 888 1129 948 mortem
1146 888 1389 965 contempserat.
1413 881 1451 948 ln
1467 881 1578 948 eodem

340 995 446 1054 autem
476 988 563 1068 loco,
593 986 647 1052 ubi
678 985 893 1070 aspiraverat,
925 992 1020 1051 noctu
1043 1004 1064 1050 a
1087 985 1266 1052 christianis
1290 985 1468 1066 sepelitur.¹
1509 983 1580 1050 Non

271 1131 274 1136 ·
341 1097 414 1174 post
436 1107 554 1173 paucos
576 1089 692 1156 deinde
716 1087 846 1168 annos,²
868 1095 1014 1155 cessante
1037 1091 1268 1173 persecutione,
1292 1088 1442 1171 martyris
1466 1105 1581 1170 corpus

341 1197 426 1261 intra
448 1194 559 1261 urbem
581 1191 760 1276 (Salonam)
783 1192 825 1256 ad
847 1192 1013 1260 ecclesiam
1035 1193 1148 1259 beatae
1171 1192 1303 1276 Mariae,
1327 1211 1420 1274 quam
1444 1191 1581 1273 primum

342 1301 478 1382 positam
499 1299 543 1365 ibi
566 1317 585 1364 a
607 1295 754 1363 fidelibus
777 1296 939 1374 diximus,⁸
968 1296 1158 1363 translatum
1183 1302 1242 1364 cst.
1278 1297 1397 1362 Postea
1419 1313 1494 1361 vero
1518 1295 1581 1360 Go-

341 1401 485 1470 chorum*
505 1401 681 1482 irruptione
703 1400 840 1482 diruptis
863 1399 1069 1481 funditusque
1084 1401 1204 1466 eversis
1221 1398 1356 1480 Salonis,
1381 1399 1525 1465 concives
1540 1399 1581 1463 ad

340 1508 500 1590 proximos
521 1505 642 1571 insulas
664 1503 872 1587 confugerunt
897 1522 935 1569 ac
956 1503 1071 1570 deinde
1087 1505 1205 1570 reversi
1227 1505 1259 1569 in
1281 1503 1471 1569 Diocletiani
1495 1501 1581 1567 aedi·

342 1610 424 1690 ficio,
449 1610 535 1691 quod
556 1609 658 1674 tribus
681 1607 782 1675 terme
805 1608 942 1674 millibus
965 1626 985 1672 a
1007 1605 1131 1674 Salonis
1154 1607 1261 1688 distat,
1286 1605 1452 1689 Spalatum
1475 1605 1582 1688 adpel-

343 1715 461 1793 latum,
494 1713 604 1778 sedem
634 1713 694 1778 sibi
725 1711 935 1793 posuerunt,l
968 1716 1183 1794 temptumque
1217 1711 1292 1777 olim
1326 1711 1398 1778 Jovi
1432 1711 1580 1794 dicatum,

343 1819 453 1886 eiectis
484 1816 592 1897 idolis,
629 1835 689 1899 per
718 1815 874 1883 loannem
903 1814 1174 1898 archiepiscopum
1205 1821 1334 1882 sanotae
1364 1814 1416 1880 dei
1439 1814 1581 1896 genitrici

342 1921 466 1988 Mariae
497 1925 723 1987 consecrarunt
752 1925 786 1986 et
814 1919 919 2001 ipsum
954 1919 1102 2004 martyris
1132 1936 1247 2002 corpus
1271 1937 1291 1984 a
1314 1917 1439 1984 Salonis
1469 1921 1582 2000 quarto

342 2025 498 2092 kalendas
528 2023 657 2090 sextiles
688 2023 935 2106 transtulerunt,
971 2023 1003 2088 in
1036 2023 1212 2105 eodemque
1235 2021 1354 2105 templo
1378 2022 1581 2103 collocarunt,

342 2129 398 2195 ubi
421 2128 462 2193 ad
484 2128 564 2194 banc
587 2145 687 2209 usque
710 2126 795 2194 diem
817 2129 850 2192 in
872 2145 988 2208 magna
1010 2127 1214 2194 veneratione
1244 2125 1382 2192 habetur
1404 2131 1437 2192 et
1459 2124 1581 2202 colitur,

343 2231 502 2298 miraculis
524 2231 645 2295 clarum
667 2236 700 2298 et
722 2229 865 2312 martyrii
888 2230 989 2312 gloria
1014 2231 1227 2312 conspicuum.

327 2393 331 2396 -
431 2357 457 2416 E
473 2356 535 2414 vita
551 2373 574 2414 s.
591 2355 707 2414 Domnii
724 2355 855 2430 episcopi
869 2373 893 2416 o.
909 2358 1001 2416 7-8.
1017 2355 1093 2416 Acta
1104 2357 1202 2415 Sarrct.
1217 2355 1347 2416 Venetiis
1363 2357 1454 2415 1738.
1472 2354 1583 2430 Aprilis

385 2448 456 2503 tom.
473 2443 512 2517 ll,
530 2459 559 2518 p.
577 2443 605 2504 8.
622 2442 778 2518 desumpta
801 2459 838 2500 ex
861 2442 1008 2501 breviario
1024 2442 1202 2522 spalatensi,
1230 2444 1378 2502 aJoanne
1392 2441 1485 2501 Lucio
1501 2459 1579 2500 com-

387 2530 544 2588 municata.
560 2528 631 2587 Vita
647 2532 766 2602 putatur
782 2529 820 2587 ab
836 2527 950 2586 Adamo
967 2528 1125 2588 Pariaicnsi
1136 2546 1213 2590 saec.
1227 2529 1269 2588 xl
1281 2529 1435 2592 illustrata.
1454 2527 1489 2586 V.
1503 2525 1582 2588 'Pho-

387 2632 453 2676 mae
477 2613 588 2674 archid.
614 2613 716 2675 histor.
739 2611 833 2674 salon.
856 2632 881 2673 c.
899 2615 951 2691 XI,
975 2632 1004 2691 p.
1022 2617 1083 2674 323
1108 2615 1155 2675 ed.
1181 2616 1208 2675 J.
1225 2615 1318 2676 Lucii.
1344 2615 1474 2676 Farlati:
1499 2611 1582 2689 Illyr.

388 2719 463 2762 sacr.
480 2701 504 2779 1,
522 2701 659 2760 418-9,

433 2785 480 2847 An
495 2788 557 2846 vita
572 2784 633 2864 illa,
650 2789 732 2847 culus
747 2785 943 2862 fragmentum
959 2785 1041 2848 hicce
1056 2787 1221 2863 adducitur,
1244 2788 1282 2849 ab
1297 2786 1412 2847 Adamo
1428 2786 1584 2864 parisiensi

389 2891 495 2936 revera
510 2873 664 2933 coccinata
678 2873 724 2948 sit,
752 2874 800 2931 vix
816 2877 917 2947 posset
933 2873 1136 2934 demonstrari.
1164 2873 1222 2934 Sed
1238 2873 1333 2934 Adam
1350 2874 1415 2952 ipse
1431 2873 1571 2948 haudqua

390 2977 478 3036 quam
494 2977 588 3019 novas
604 2959 778 3036 conscripsit
793 2959 877 3032 vitas,
899 2977 999 3020 varum
1017 2965 1132 3037 „sumto
1148 2959 1277 3022 themate
1292 2979 1310 3020 a
1326 2961 1476 3022 veteribus
1492 2959 1583 3018 histo·

389 3046 440 3105 riis
464 3045 607 3121 legendas
631 3046 780 3120 utriusque
803 3046 932 3105 martiris
955 3047 1074 3124 (Domni
1090 3051 1120 3106 et
1135 3045 1296 3124 Anastaaii)
1320 3047 1418 3123 lepido
1435 3047 1506 3106 satis
1522 3047 1581 3105 dle-

390 3132 500 3192 tamina
516 3130 697 3192 innovavit‘t
722 3129 870 3191 Eiusmodi
886 3135 1018 3192 vetustas
1033 3131 1216 3209 „legendas“
1233 3134 1263 3194 in
1278 3133 1404 3193 ecclesia
1419 3133 1584 3192 salonitana

390 3219 428 3280 ab
444 3218 653 3294 antiquissimis
668 3218 849 3294 temporibus
865 3219 995 3278 extitisse
1011 3225 1100 3294 atque
1115 3221 1145 3279 ln
1159 3237 1215 3279 usu
1233 3237 1290 3279 non
1302 3220 1466 3295 interrupto
1481 3218 1582 3295 irrisae,

389 3305 516 3365 dubitari
532 3322 590 3364 non
607 3309 712 3380 potest.
735 3303 846 3363 Farlati
862 3304 982 3363 adducit
996 3303 1033 3382 (I,
1051 3304 1215 3384 414-17)
1231 3305 1305 3366 duas
1321 3307 1397 3366 vitas
1413 3321 1438 3364 s.
1453 3304 1581 3378 Domnii,

390 3408 515 3467 quarum
531 3407 616 3449 unam
633 3391 759 3450 exactis
780 3390 1039 3466 proconsularibus
1054 3396 1105 3452 aut
1119 3393 1228 3453 tabulis
1244 3393 1386 3452 ecclesiae
1402 3391 1584 3450 salonitanae

391 3476 555 3537 conlectam
571 3495 636 3536 ease
653 3482 762 3558 censet,
777 3478 901 3538 alteram
918 3495 988 3536 aero
1005 3478 1164 3553 Hesychlo,
1185 3480 1348 3539 salonitano
1365 3477 1446 3537 initio
1462 3493 1540 3538 saec.
1557 3477 1584 3534 V

390 3562 527 3638 antistiti,
553 3562 712 3622 adiudicat.
739 3562 787 3621 Ad
809 3562 864 3623 has
887 3565 962 3622 ritas
986 3564 1109 3624 accessit
1125 3571 1204 3624 certo
1220 3565 1324 3624 relatio
1340 3565 1378 3624 de
1392 3564 1584 3624 translatione

390 3665 545 3725 corporum
561 3649 671 3708 Salona
685 3649 852 3730 Spalatum,
874 3649 911 3709 de
927 3667 986 3724 qua
1001 3667 1026 3710 c.
1044 3653 1063 3708 8
1079 3649 1165 3709 huius
1181 3651 1258 3710 vitae
1274 3652 1404 3711 breviter
1418 3651 1532 3728 agitur,
1555 3653 1586 3708 at

391 3753 469 3810 quae
491 3736 676 3809 aeqrtioribns
699 3735 767 3794 vitia
793 3752 816 3795 s.
834 3737 950 3795 Domnii
966 3736 1105 3796 adirmota
1120 3737 1265 3812 reperitur
1281 3735 1323 3816 (v.
1340 3737 1451 3798 Farlati
1468 3737 1492 3814 1,
1510 3737 1583 3796 422.

433 3907 564 3984 Simplex
580 3909 632 3968 illa
654 3909 823 3983 primaevae
850 3909 1085 3991 ,translationist
1112 3910 1242 3969 narratio
1259 3911 1444 3985 sequioribus
1458 3910 1585 3970 saeculis

391 3993 518 4054 adaucta
534 3999 594 4071 ast,
612 3995 719 4054 additis
735 3995 825 4054 varis
841 4013 938 4055 rorum
954 3995 1112 4070 adiunctis,
1130 3995 1209 4070 quod
1226 3997 1340 4056 duobus
1356 3996 1585 4073 exemplaribus,

392 4079 492 4140 codice
508 4081 642 4140 nimirum
659 4081 818 4156 spalatensi
835 4086 864 4142 et
879 4081 1002 4141 lniatoria
1018 4082 1151 4142 Thomas
1166 4083 1381 4156 archidiaconi,
1405 4085 1585 4143 illustratur:

388 4213 426 4280 Α.
450 4215 601 4295 loannes,
624 4214 718 4281 huius
737 4216 871 4283 nominis
887 4217 950 4299 pri-
1024 4217 1061 4282 Β.
1085 4218 1206 4285 Eodem
1230 4224 1372 4301 tempore
1392 4219 1586 4284 reverendus

346 4336 417 4384 mus
439 4319 695 4402 archiepiscopus
711 4320 865 4388 ecclesiae
881 4339 953 4404 spa·
983 4322 1118 4388 antistes
1148 4324 1253 4404 coepit
1282 4329 1421 4390 tractare
1449 4339 1519 4388 cum
1544 4323 1586 4388 ci·

346 4423 488 4501 latensis,
513 4439 583 4488 cum
608 4424 787 4490 dedicasset
801 4424 834 4490 in
852 4424 951 4492 hono
982 4425 1090 4505 vibus,
1124 4432 1161 4492 ut
1194 4444 1310 4508 corpus
1345 4427 1431 4492 beati
1460 4425 1588 4492 Domnii

345 4545 413 4592 rem
422 4527 536 4593 beatae
550 4525 677 4610 virginis
689 4527 811 4596 Mariae
827 4531 951 4611 insigne
981 4529 1155 4612 pontificis,
1186 4531 1271 4612 quod
1294 4529 1430 4598 Salonas
1459 4548 1586 4596 reman-

347 4629 453 4694 lanum
484 4629 556 4696 lovi
584 4649 603 4696 a
632 4631 830 4699 Diocletiano
853 4632 951 4716 impe·
982 4641 1077 4721 serat,
1096 4635 1265 4713 levaretur,
1286 4633 1537 4714 translatumque
1554 4634 1586 4698 in
