3572 5276
1358 359 1418 420 397

268 559 351 634 Quae
367 561 415 620 bio
430 561 485 620 ioci
501 565 678 631 narrantur,
701 561 793 636 ipsius
811 561 991 620 Constantini
1009 566 1105 622 aetate
1121 549 1322 644 isla-958)
1338 567 1422 639 gesta

223 653 299 724 sunt,
317 648 449 707 Romano
465 653 564 706 tamen
581 648 694 723 imperii
711 648 843 708 habenas
859 648 1014 722 dirigente.

220 761 366 830 'adeoque
385 777 407 816 c.
426 778 452 816 a.
471 765 530 816 931.
557 762 587 815 V.
606 779 633 832 p.
653 765 712 817 301.
785 763 796 793 ²
815 763 885 818 Urbs
906 749 1069 832 florenum,
1090 765 1248 833 metropolis
1266 763 1420 832 Emporiae,

177 849 360 903 Romanorum
380 849 601 919 Marcianopolis,
620 865 692 902 nune
710 864 797 918 pagus
818 849 954 918 Prasiana,
967 856 1035 903 turo.
1049 849 1263 920 Eskititambui,
1277 851 1311 904 ad
1324 849 1421 904 Haemi

178 933 261 1002 podes
285 943 313 988 et
337 934 364 988 fl.
389 935 480 989 saliba
504 933 635 1003 Kambija.
664 934 697 988 V.
717 923 825 988 Saiaiik
850 936 917 989 sior.
942 939 1039 990 starob.
1065 953 1092 1005 p.
1117 939 1176 992 618.
1202 936 1302 991 Rabiri:
1330 935 1422 990 Borba

174 1021 273 1088 juinib
292 1021 414 1076 Siovena.
445 1019 505 1077 Rati
523 1021 627 1088 xxiv,
652 1023 693 1075 95.
719 1021 842 1076 iii-eceb:
871 1021 970 1091 Dejiny
989 1038 1047 1076 nar.
1074 1023 1261 1078 bulhmsksbo
1287 1029 1335 1078 etr.
1361 1025 1419 1077 135.

179 1107 190 1137 ³
207 1107 280 1162 Idem
299 1109 416 1177 scriptor
429 1107 625 1163 Constantinus
642 1109 771 1178 porphyr.
792 1123 851 1162 usim
871 1109 993 1164 Romano
1012 1123 1036 1164 a.
1049 1111 1169 1164 920—44
1187 1109 1293 1179 imperii
1312 1115 1421 1178 sceptra

176 1195 296 1250 tenebat.
354 1195 363 1224 ⁴
382 1195 426 1248 Ex
444 1194 489 1250 bis
507 1195 629 1265 profecto
648 1194 841 1249 Constantinus
861 1193 1015 1265 audiverat,
1034 1211 1105 1263 quae
1123 1195 1157 1249 de
1175 1193 1284 1250 Serblia
1301 1210 1352 1264 par
1370 1194 1417 1265 Sy·

176 1295 299 1337 meonam
318 1280 459 1337 devastata
476 1281 567 1337 verbis
585 1281 739 1351 exageratis
757 1280 926 1350 conscripsit.

734 1613 864 1686 202.

179 1765 308 1832 Obroati
334 1775 461 1853 paetum
490 1767 528 1832 de
557 1770 712 1834 amvonda
742 1789 811 1836 oum
840 1771 950 1834 vicinis
976 1767 1119 1853 pentibus
1147 1789 1227 1853 poce
1257 1767 1312 1833 aab
1344 1768 1419 1834 duca

600 1869 758 1958 ffbpims'ro
781 1871 825 1937 II
843 1880 1001 1938 retroeunt.

218 2006 311 2074 Μετὰ
331 2001 364 2073 δὲ
385 2008 504 2097 χρόνους
518 2010 648 2084 πολλοὺς
669 2012 699 2075 ἐν
713 2023 781 2085 ταῖς
854 2011 965 2078 Multis
999 2028 1075 2078 vero
1107 2011 1198 2077 annis
1231 2010 1348 2092 elapsis
1383 2012 1416 2075 in

175 2113 293 2202 ἡμέραις
323 2111 514 2202 Τερπομέρη1
543 2124 598 2178 τοῦ
627 2113 779 2203 ἄρχοντος,
810 2117 923 2183 diebus
945 2115 1098 2198 principis
1121 2114 1331 2198 Terpimcre¹‚
1361 2116 1415 2197 qui

175 2227 231 2281 τοῦ
243 2218 354 2306 πατρὸς
364 2227 419 2282 τοῦ
427 2215 568 2306 ἄρχοντος
576 2217 780 2307 Κρασηρέρη”,
810 2226 904 2303 puter
933 2219 994 2285 fuit
1022 2219 1173 2302 principis
1196 2217 1415 2304 Krasemete²‚

176 2322 295 2386 ἐλλθών
317 2322 378 2386 ἀπὸ
401 2321 555 2413 Φραγγίοις
584 2333 640 2399 τῆς
671 2325 783 2410 μεταξὺ
813 2323 990 2408 eFrancia,
1015 2341 1096 2406 quae
1111 2323 1196 2389 inter
1211 2321 1416 2388 Chrobatiam

176 2423 352 2513 Χροβατίοις
387 2429 437 2490 καὶ
469 2425 604 2501 Βενετίοις
636 2428 707 2515 ἀνήρ
736 2450 782 2502 τις
811 2435 845 2495 et
867 2427 1035 2495 Venetiam
1063 2427 1170 2495 media
1197 2435 1263 2508 est,
1286 2425 1416 2493 veniens

175 2541 236 2594 τῶν
266 2529 343 2596 πάνυ
373 2529 425 2619 μὲν
455 2533 605 2615 situation,
635 2529 785 2620 Μαρτῖνος
814 2533 863 2598 vir
876 2533 1005 2615 quidam
1020 2531 1178 2597 Martinus
1193 2531 1329 2610 nomine,
1349 2549 1417 2596 ma-

175 2636 308 2723 ὀνόμοιτι,
331 2646 438 2724 σχῆμα
460 2627 493 2700 δὲ
514 2637 652 2724 κοσμικόν
671 2637 782 2724 περιβε-
812 2639 895 2704 xime
915 2637 1042 2718 quidem
1059 2637 1130 2718 pius
1147 2637 1203 2702 sed
1218 2636 1329 2702 habitu
1345 2653 1415 2701 sae

175 2739 337 2825 βλημένος,
368 2740 400 2804 ὅν
422 2744 472 2804 καὶ
493 2739 625 2828 λέγουσιν
649 2743 675 2803 ot
697 2743 783 2805 αὐτοὶ
812 2740 919 2821 culam,
945 2759 1039 2823 quem
1062 2740 1158 2806 iidem
1174 2757 1300 2821 quoque
1316 2738 1416 2806 Cbro·

179 2841 338 2932 Χρωβάτοι
367 2843 517 2932 θαύματα
539 2843 625 2908 ἱκανοὶ
654 2854 781 2916 ποιῆσαι·
812 2846 881 2912 bati
902 2845 1054 2911 miracula
1072 2843 1187 2910 fecisse
1210 2842 1345 2924 plurima
1369 2841 1416 2908 di·

175 2947 304 3022 ἀοθενής
333 2938 367 3011 δὲ
395 2948 435 3011 ὥν
457 2952 474 3010 ό
495 2957 629 3022 τοιοῦτος
652 2948 780 3030 εὐλαβὴς
810 2955 901 3028 eunt;
917 2948 968 3013 hie
983 2966 1078 3030 porro
1094 2949 1142 3012 vir
1155 2948 1227 3028 pius
1240 2944 1415 3013 imbecillus

175 3053 247 3140 ἀνὴρ
280 3055 329 3115 καὶ
361 3053 433 3128 τοὺς
470 3043 565 3127 πόδας
600 3055 781 3140 inampu-
811 3052 980 3118 admodum
1015 3057 1048 3118 et
1080 3051 1214 3133 pedibus
1252 3050 1415 3115 mutilatus

175 3155 289 3245 σμένος,
313 3157 391 3220 ὥστε
413 3155 471 3220 ὑπὸ
493 3154 641 3242 τεσσάρων
663 3157 712 3219 καὶ
728 3158 782 3238 βοι-
812 3157 857 3222 ita
872 3162 909 3222 ut
923 3160 1060 3238 quatuor
1075 3154 1200 3234 baiulis,
1218 3171 1416 3236 quocumque

175 3259 343 3345 οτάζεοθαι
364 3262 414 3324 καὶ
435 3260 637 3348 περιφέρεσθαι
660 3259 735 3324 ὅπου
757 3251 782 3323 δ’
811 3261 917 3339 vellet
931 3259 1119 3344 deferretur,
1135 3259 1214 3324 illud
1227 3257 1415 3324 sanctissimi

174 3364 210 3428 ἄν
233 3367 284 3428 καὶ
306 3364 460 3449 βούληται,
483 3364 539 3435 τὴν
561 3363 703 3437 τοιαύτην
725 3373 781 3428 τοῦ
811 3361 970 3446 pontificis
1007 3362 1208 3429 mandatum⁸
1245 3360 1415 3428 Chrobatis

173 3472 347 3558 ἁγοοτάτου
369 3467 458 3532 aeae
485 3468 626 3538 torosam
647 3479 707 3541 τοῖς
727 3471 780 3530 αὐ·
810 3469 852 3534 ad
874 3469 1020 3534 ultimum
1051 3469 1137 3534 ritae
1165 3465 1260 3533 finem
1286 3484 1415 3532 servan-

102 3573 105 3578 '
174 3585 235 3646 τοῖς
257 3571 431 3660 Χριοβάτοις
454 3563 598 3659 διατηρεῖν
627 3572 710 3659 μέχρι
731 3571 782 3635 τέ·
812 3573 887 3638 dum
911 3591 981 3638 esse
1011 3572 1122 3638 itidem
1152 3572 1271 3650 sanxit,
1303 3571 1415 3637 eadem

174 3681 243 3752 λοος
265 3677 342 3762 ζωῆς
358 3680 457 3740 αὐτῶν
473 3675 675 3762 territorum,
698 3676 784 3739 ἐπεο-
814 3677 886 3761 illis,
910 3693 992 3757 quae
1008 3683 1103 3742 antea
1126 3674 1275 3758 pontifex,
1300 3675 1418 3757 impre-

174 3781 296 3869 ξάμενος
325 3771 358 3844 δε
391 3783 440 3844 καὶ
471 3779 562 3854 αὐτὸς
593 3783 691 3854 αὐτοῖς
724 3780 781 3852 τὴν
812 3786 913 3847 catus.

174 3885 277 3973 ὁμοίαν
294 3895 350 3950 τοῦ
371 3884 461 3949 πάπα
482 3885 582 3973 εὐχήν.

263 4011 414 4074 Constant.
431 4012 573 4089 porphyr.
591 4009 628 4070 de
643 4009 721 4070 adm.
738 4010 807 4085 imp.
825 4028 850 4071 o.
865 4013 916 4082 31,
934 4030 963 4087 p.
979 4010 1325 4071 149-150.an.130nn.
1340 4008 1415 4070 Con-

216 4098 340 4160 tinuatio
357 4116 468 4180 eorum,
485 4115 562 4174 qnae
579 4097 634 4156 sub
650 4114 712 4156 nro.
733 4097 802 4172 169,
820 4098 838 4156 5
857 4115 885 4173 p.
903 4099 1030 4157 tal-2
1046 4097 1175 4156 adducta
1190 4103 1264 4157 sunt.

258 4187 305 4245 Do
320 4189 463 4261 tompore,
480 4201 539 4260 quo
555 4183 686 4259 Trpimir
705 4182 898 4242 Cbroatorum
923 4183 1004 4260 genti
1027 4183 1167 4259 praefuit,
1191 4183 1259 4244 vide
1274 4201 1318 4244 nr.
1340 4183 1412 4245 203.

256 4271 408 4332 Coniicere
424 4273 508 4348 licet,
536 4275 654 4346 pactum
669 4267 743 4331 iilud
758 4287 777 4327 a
792 4269 862 4328 sous
886 4287 1009 4329 romana
1024 4267 1219 4330 Obroatorum
1241 4269 1366 4347 principi
1382 4270 1412 4328 in

210 4363 337 4418 mentem
363 4362 533 4418 revocatum
558 4356 648 4416 fnisse
671 4355 756 4416 belb's
772 4372 837 4415 enm
853 4357 989 4433 Bulgaris
1004 4359 1034 4415 et
1049 4356 1170 4417 Venetis
1197 4373 1300 4416 ansam
1322 4373 1410 4432 prae-

213 4443 362 4506 bentibus.

213 4563 221 4595 ¹
240 4562 257 4616 i.
276 4579 299 4616 e.
319 4562 463 4632 Terpimir‚
484 4561 612 4632 Trpimir.
686 4559 726 4613 ¹i.
739 4574 762 4613 e.
775 4557 917 4614 Kresimir.
990 4559 1123 4616 ’seilicet
1140 4558 1173 4614 de
1192 4575 1247 4613 non
1265 4556 1416 4614 invadenda

175 4649 291 4704 eborum
308 4656 389 4706 terra
