3494 5410
1328 431 1388 498 10⁵

201 635 350 714 Dalmatia
365 658 384 698 a
398 641 504 715 legatis
527 655 623 716 papae
639 637 774 716 Gregorii
789 639 855 722 vll,
872 641 1016 702 sciliceta
1031 639 1187 716 Gebiaone,
1205 647 1274 702 tnnc
1290 659 1388 702 mona-
1461 669 1465 683 ·

201 727 284 786 sterit
299 741 337 788 ss.
353 725 495 786 Boniiaoii
511 732 540 786 et
555 725 651 786 Alexii
666 727 772 786 abbate
788 745 865 786 nanc
886 745 957 787 vero
974 727 1135 788 Caesenate
1158 729 1312 805 episcopo,
1335 745 1389 788 nec

200 831 260 873 non
276 817 305 873 et
320 831 337 872 s
353 813 509 889 Folcnino,
533 813 767 888 Forosempronii
792 815 947 891 episcopo,
971 833 1047 892 qnae
1068 815 1197 890 synodus
1220 815 1345 876 habetur
1361 815 1388 874 in

199 899 330 960 archivio
346 917 370 960 e.
386 901 486 976 palatii
501 901 707 960 Laterancnsis
724 949 730 961 .
749 899 776 962 .“
801 901 872 962 God.
889 919 960 962 msc.
976 903 1005 960 in
1021 903 1154 962 vaticano
1177 903 1321 962 tabulario
1341 919 1387 961 ee-

200 988 318 1046 oretiori
336 1005 388 1046 nro
412 989 473 1047 445
490 987 546 1065 (df.
564 989 668 1046 Perta:
691 987 801 1046 Archiv
825 989 860 1065 V,
885 991 935 1050 80.
959 989 1076 1048 Dudilr:
1101 991 1160 1048 Iter
1182 1008 1332 1050 romanum
1349 990 1389 1062 ll,

202 1070 269 1157 32),
286 1075 354 1133 item
371 1075 398 1133 in
430 1075 501 1134 bibl.
518 1075 604 1134 vatic.
622 1080 651 1134 et
667 1076 830 1135 carsiniana
847 1094 889 1135 nr.
911 1077 990 1135 1041
1008 1080 1037 1136 et
1053 1077 1125 1137 244.
1141 1095 1170 1152 p.
1188 1079 1260 1139 424.

248 1177 440 1238 canonius
455 1195 471 1238 e
487 1179 552 1238 cod.
575 1179 679 1240 vatia:
702 1179 832 1240 Annales
853 1181 1050 1241 ecclesiastici.
1068 1180 1206 1241 Coloniae
1228 1181 1389 1258 Agripinae

203 1268 296 1326 1624.
313 1271 382 1324 tom
398 1265 450 1343 Xl,
467 1283 496 1341 p.
516 1267 651 1326 tat-s.
668 1267 824 1326 Muratori:
846 1267 1043 1342 Antiquitetee
1058 1269 1118 1328 ital.
1135 1268 1222 1328 medii
1238 1269 1302 1328 aevi
1318 1273 1387 1329 tom.

197 1354 235 1429 X,
253 1354 308 1414 eol.
333 1355 404 1430 840,
430 1353 543 1414 dissert.
562 1355 612 1413 69.
629 1354 753 1414 Lucius:
777 1353 813 1413 de
837 1372 919 1430 regn.
942 1355 1040 1414 Dalm.
1056 1361 1085 1414 et
1101 1355 1198 1415 Orost.
1222 1356 1271 1416 lib.
1288 1357 1333 1433 ll,
1361 1373 1386 1416 c.

202 1442 251 1502 10.
268 1456 297 1514 p.
316 1441 431 1500 st-s.
448 1440 558 1499 Farlati
575 1441 628 1518 111,
648 1443 718 1502 146.
736 1440 807 1502 God.
824 1441 894 1517 dipl.
912 1441 994 1503 cst).
1011 1443 1034 1520 Ι,
1055 1443 1125 1503 152.

198 1558 203 1586 ¹
222 1555 338 1612 homine.

725 1687 729 1696 ’
760 1721 789 1780 2.

199 1873 271 1957 Ego
287 1873 476 1958 Demetrius,
501 1873 554 1954 qui
569 1878 603 1939 ct
618 1871 766 1938 Suinimir
781 1891 952 1956 nuncupor,
978 1875 1029 1940 dei
1052 1875 1256 1958 prouidencia
1272 1873 1389 1940 Ghroa-

154 1980 205 2046 cic
234 1979 459 2060 Dalmacieqae
490 1978 568 2056 dux,
599 1977 683 2044 dono
713 1979 851 2043 concedo
882 1987 916 2044 et
943 1978 1090 2045 confirmo
1121 1980 1292 2060 apostolice
1322 1979 1389 2044 sedi

152 2083 257 2150 sancti
281 2083 427 2168 Gregorii
449 2082 683 2168 monasteriam,
707 2084 758 2148 cui
785 2083 892 2150 Vrsna
914 2088 965 2150 est
985 2085 1183 2168 uocabulum,
1212 2101 1281 2149 cum
1305 2084 1388 2149 omni

152 2207 213 2256 suo
236 2189 402 2266 thesauro,
433 2187 554 2254 scilieet
576 2207 645 2253 cum
669 2205 765 2269 capsa
795 2194 948 2272 argentea
970 2189 1117 2269 reliquias
1141 2189 1222 2254 sacri
1246 2189 1387 2270 corporis

153 2293 297 2359 eiusdem
322 2293 407 2358 beati
430 2291 574 2376 Gregorii
598 2293 793 2372 continente,
819 2311 888 2359 cum
913 2292 1034 2358 duabus
1058 2293 1219 2372 crucibus,
1244 2311 1313 2358 cum
1337 2311 1387 2358 ca·

150 2397 213 2464 lics
236 2403 270 2464 et
291 2402 417 2479 patena,
441 2414 511 2461 curn
543 2397 665 2464 duabus
696 2399 818 2464 coronis
850 2397 954 2463 aureis
984 2397 1116 2481 gemmis
1145 2398 1281 2474 ornatis,
1317 2415 1387 2461 cum

153 2500 392 2581 evangeliorum
414 2505 504 2567 textu
534 2500 575 2566 de
605 2507 753 2584 argento,
785 2521 918 2584 namque
947 2493 1090 2568 omnibus
1121 2503 1186 2567 suis
1221 2497 1388 2584 mobilibus

152 2611 189 2671 et
210 2604 422 2670 immobilibus
444 2604 553 2684 bonis,
581 2611 617 2670 ut
639 2606 740 2672 sancti
762 2607 849 2672 Petri
870 2605 984 2690 legatis
1007 2607 1049 2672 sit
1071 2625 1195 2688 semper
1217 2607 1257 2672 ad
1280 2605 1386 2686 hospi·

153 2711 237 2776 cium
260 2715 294 2775 et
316 2710 442 2776 omnino
466 2709 498 2772 in
520 2713 678 2790 potestate
701 2727 824 2788 eorum,
856 2709 917 2776 hoc
939 2715 1044 2776 tamen
1067 2710 1254 2792 interposito
1277 2715 1388 2774 tenore

154 2821 191 2880 ut
211 2813 290 2878 nulli
314 2810 367 2877 alii
389 2813 542 2894 potestati
565 2813 658 2880 detur
677 2814 734 2878 sed
757 2815 999 2896 omnitempore
1021 2815 1121 2880 sancti
1142 2815 1229 2880 Petri
1252 2815 1294 2879 sit
1315 2830 1387 2895 pro-

156 2921 273 3001 prium,
309 2923 342 2983 et
365 2937 383 2984 a
405 2937 456 2983 me
478 2918 618 3000 meisque
648 2919 882 2986 successoribus
912 2917 1094 2999 defensum,
1125 2923 1219 3000 atque
1241 2919 1281 2985 ab
1304 2921 1388 2985 omni

153 3024 272 3090 honere
294 3023 428 3088 liberum
452 3027 485 3086 et
504 3041 662 3087 securum.
687 3022 907 3106 Cuiuscunque
938 3029 1043 3089 autem
1066 3024 1197 3089 audacia
1219 3025 1388 3090 temerario

155 3147 234 3194 ansa
257 3126 416 3211 prefatam
438 3129 664 3194 monasterium
685 3128 896 3210 ei-assignato
920 3127 1068 3194 thesauro
1091 3128 1272 3209 priuauerit,
1296 3131 1388 3194 terri·

155 3233 250 3298 bilem
271 3231 358 3298 illam
381 3232 494 3298 iudicis
517 3250 644 3310 uocem,
677 3251 770 3315 quam
800 3233 943 3300 diabolus
976 3250 1045 3297 cum
1069 3233 1133 3298 suis
1156 3232 1276 3316 engeis
1299 3233 1387 3300 audi·

155 3341 245 3402 tnrus
268 3343 327 3420 cst,
351 3339 468 3404 audiat.

240 3479 401 3557 Originalis
417 3481 587 3542 membrana
603 3481 749 3556 quendem
766 3483 793 3540 in
813 3481 932 3540 archivo
948 3481 1123 3556 spalatensis
1144 3481 1282 3556 capituli,
1299 3497 1386 3554 quarn

199 3586 235 3627 ex
250 3567 444 3627 foraminibus
462 3569 591 3628 clausam
607 3570 696 3629 fuisse
712 3569 897 3644 sigillumque
913 3585 950 3626 ex
970 3584 1006 3627 ea
1021 3566 1196 3646 pependisse
1212 3567 1386 3642 apparebat.

196 3655 409 3715 Donationsles
424 3655 478 3715 lias
493 3674 512 3714 a
527 3655 682 3716 Sainimiro
705 3661 772 3714 ante
797 3655 881 3730 regni
904 3653 1104 3714 investituram
1120 3653 1230 3726 editas,
1253 3655 1387 3728 quamvis

197 3741 323 3802 Oeneius
339 3743 502 3802 summatim
518 3743 643 3802 ex-actie
658 3743 763 3818 synodi
787 3740 952 3817 colligendo
976 3740 1161 3799 donationem
1176 3741 1251 3800 inter
1265 3741 1383 3800 investi-

198 3833 293 3888 arram
309 3833 339 3888 ct
353 3829 546 3890 iuramentum
562 3829 727 3907 inseruerit,
740 3831 797 3889 iam
808 3829 835 3889 J.
849 3829 959 3887 Lucius
970 3832 1050 3887 recte
1061 3827 1211 3887 indicavit.
1230 3828 1285 3888 Ubi
1296 3845 1384 3886 mem-

197 3916 291 3976 brana
305 3933 383 3976 nnnc
399 3916 444 3994 sit,
461 3916 622 3992 ignoratur.

241 4021 437 4081 Donationem
451 4021 619 4080 monasterii
636 4039 659 4082 s,
677 4019 811 4107 Gregorii
827 4019 856 4078 in
871 4019 972 4078 Vrana
986 4020 1124 4078 insertam
1148 4018 1237 4078 fnisse
1260 4021 1386 4096 registro

165 4185 168 4198 ·
203 4107 327 4183 Eugenii
343 4107 388 4166 Ill
403 4105 609 4186 (1145-53),
633 4112 715 4184 patet
730 4126 746 4167 e
761 4107 865 4167 litteris
886 4105 1046 4166 Alexandri
1070 4107 1115 4165 ΙΙΙ
1131 4124 1157 4165 a.
1178 4107 1270 4186 1169,
1289 4110 1326 4168 19
1343 4105 1386 4166 fe·

204 4195 322 4254 brnarii.
339 4193 450 4253 Farlati
466 4195 517 4264 lv,
537 4198 585 4254 11.

242 4298 268 4358 J.
286 4299 396 4358 Lucina
411 4300 467 4360 loc.
484 4300 532 4359 cit.
