3602 5304
304 296 366 358 246

303 513 543 578 cognoscerem,
574 495 600 560 si
622 494 682 563 boc
705 493 773 560 fieri
795 493 855 577 ipsi
878 494 1061 573 iussissent,
1090 493 1174 575 quod
1198 494 1226 559 ei
1250 493 1309 558 sub
1333 495 1540 559 excommuni-

301 599 434 665 cationis
457 597 697 679 interpositione
719 597 874 682 mendavi.
899 597 942 661 Et
964 601 1145 678 contempto
1163 615 1214 661 me
1230 602 1326 689 etque
1342 596 1494 678 despecto
1510 596 1542 660 in

302 702 465 769 audaciam
490 699 687 783 quorundam
711 700 919 766 saecularium
950 699 1126 777 bominum,
1153 698 1275 781 quibus,
1302 699 1543 796 denudatusua

301 805 446 885 ecclesia,
469 805 611 887 praemia
633 805 734 869 multa
756 805 912 887 praebere
936 802 1060 882 dicitur,
1084 821 1167 868 nunc
1187 821 1290 885 usque
1309 803 1423 868 missas
1438 801 1543 869 iacere

301 911 497 993 praesumit,
528 914 625 990 atque
655 909 697 973 ad
728 925 780 974 me
802 907 910 974 venire
934 907 1108 973 secundum
1141 908 1311 975 iussionem
1346 907 1543 974 dominorum

302 1014 421 1104 noluit3
445 1030 505 1096 ego
528 1017 636 1077 autem
658 1010 874 1093 praeceptioni
896 1011 1024 1093 pietatis
1047 1029 1156 1076 eorum
1180 1011 1332 1078 obediens
1354 1012 1457 1077 eidem
1472 1009 1541 1076 Ma·

302 1116 395 1196 ximo,
420 1115 473 1197 qui
495 1133 546 1182 me
568 1115 728 1182 nesciente
752 1114 917 1180 ordinatus
939 1119 997 1198 est,
1021 1114 1082 1180 hoc
1104 1113 1188 1196 quod
1208 1115 1241 1179 in
1264 1114 1463 1181 ordinatione
1485 1131 1544 1180 sua

301 1239 352 1286 me
376 1220 425 1285 vei
451 1218 669 1301 responsalem
688 1237 795 1284 meum
818 1217 1075 1299 praetermittere
1095 1219 1317 1300 praesumpsit,
1332 1219 1378 1284 ita
1392 1237 1431 1284 ex
1446 1217 1542 1283 corde

303 1323 415 1403 laxavi,
440 1340 477 1388 ac
499 1325 525 1388 si
548 1340 599 1388 me
621 1327 750 1387 auctore
773 1321 1081 1400 suissetordinatus3
1105 1323 1167 1388 alia
1186 1341 1260 1388 vero
1276 1340 1426 1404 perversa
1446 1322 1541 1400 illiue,

303 1425 424 1494 scilicet
446 1426 530 1492 mala
553 1425 738 1508 corporalia,
764 1442 846 1505 quae
869 1426 1010 1507 cognovi,
1034 1425 1084 1490 vel
1116 1425 1190 1505 quia
1220 1443 1290 1490 cum
1320 1425 1469 1508 pecuniis
1493 1429 1543 1490 est

303 1531 423 1618 electus
446 1529 497 1596 vel
521 1528 596 1609 quia
619 1529 873 1595 excomunicatua
899 1527 1014 1594 missas
1037 1527 1142 1596 facere
1164 1530 1387 1613 praesumpsit,
1411 1533 1542 1610 propter

304 1633 398 1699 deum
428 1631 610 1714 irrequisita
640 1631 833 1715 praeterrire
864 1650 927 1697 non
956 1651 1085 1714 possum
1110 1682 1117 1697 .
1142 1682 1149 1696 .
1175 1681 1182 1696 .
1208 1631 1298 1698 Prius
1320 1637 1425 1698 tamen
1449 1651 1541 1714 quam

302 1737 382 1803 haec
404 1741 644 1820 cognoscantur,
668 1734 888 1802 serenissimus
911 1735 1056 1802 dominus
1078 1735 1274 1804 discurrente
1288 1737 1428 1804 iussione
1449 1755 1541 1819 prae·

302 1841 396 1922 cepit,
419 1847 455 1905 ut
477 1858 549 1906 eum
571 1839 750 1906 venientem
772 1855 843 1904 cum
865 1837 986 1906 honore
1006 1839 1173 1921 recipiam3
1198 1845 1230 1906 et
1251 1839 1344 1905 valde
1366 1857 1463 1925 grave
1482 1843 1540 1920 est,

302 1947 339 2010 ut
360 1943 417 2024 vir,
434 1943 474 2008 de
497 1961 558 2025 quo
571 1945 662 2008 tanta
684 1948 718 2009 et
739 1943 815 2008 todia
839 1942 1033 2026 nuntientur,
1057 1961 1127 2008 eum
1151 1946 1226 2009 ante
1241 1943 1360 2024 requiri
1375 1949 1411 2011 et
1426 1943 1541 2010 discuti

303 2046 429 2128 debeat,
453 2045 658 2112 honoretur“.
690 2045 914 2126 Conqueritur,
937 2046 1022 2128 quod
1046 2047 1184 2128 episcopi
1210 2045 1384 2130 ,refugium
1407 2046 1449 2111 ad
1471 2065 1541 2113 sae-

302 2149 426 2216 culares
449 2149 568 2216 iudices
596 2145 766 2216 habeant“.

388 2271 518 2348 Regiatri
533 2271 584 2332 lib,
601 2271 628 2332 V
643 2287 691 2348 ep.
708 2272 758 2330 21.
782 2270 895 2330 Marsi:
912 2270 1002 2332 (ionc.
1019 2273 1085 2334 coll.
1102 2273 1155 2351 IX,
1175 2273 1267 2333 1210.
1283 2272 1396 2333 Fsrlati
1411 2273 1449 2350 11,
1467 2273 1540 2333 257.

345 2356 418 2418 dod.
435 2356 508 2433 dipl.
526 2355 609 2417 GSD.
626 2356 651 2428 I,
670 2357 717 2417 18.
735 2357 829 2416 Jaffo:
844 2357 975 2432 Regesta
990 2375 1063 2418 rom.
1080 2361 1160 2434 pont.
1177 2375 1222 2417 ur.
1239 2360 1311 2420 973.

302 2680 553 2752 rotumum.
897 2595 949 2658 32‘

345 2782 435 2865 Papa
456 2780 632 2866 Gregorius
655 2782 681 2846 l.
708 2781 914 2862 ,Sebastiano
937 2783 1085 2866 episcopo
1102 2781 1303 2850 Sirmiensi“1
1323 2782 1490 2868 significat,
1507 2803 1542 2851 se

206 2899 214 2914 ·
301 2884 447 2950 eiusdem
469 2884 674 2965 „dulcissima
695 2891 791 2968 atque
810 2885 996 2952 evavissima
1010 2877 1127 2968 scripta
1143 2889 1363 2969 suscepisse“;
1386 2889 1427 2954 de
1442 2886 1541 2954 amico

304 2986 373 3053 eius
396 2987 523 3054 domino
546 2988 688 3055 Romano
712 2988 925 3074 conqueritur,
948 2990 1033 3071 quod
1057 2991 1098 3056 ab
1121 2992 1232 3058 eodem
1255 2991 1327 3073 plus
1348 2992 1423 3057 meli
1448 3009 1541 3072 quam

303 3091 565 3174 aLongobardis
587 3093 736 3174 patiatur,
763 3093 826 3170 „ite
849 3100 885 3157 ut
905 3092 1109 3176 benigniores
1131 3093 1298 3188 videantur
1316 3094 1425 3160 hostes
1448 3113 1542 3176 quam

303 3193 495 3276 reipublicae
517 3195 670 3262 iudices.
704 3194 934 3276 Sebastianum,
967 3197 1020 3277 qui
1046 3197 1210 3263 ecclesiam
1233 3197 1272 3264 ab
1295 3196 1462 3263 Anastasio
1484 3217 1540 3280 pe-

301 3297 440 3466 tsriarcha
461 3297 651 3465 autiocheno
675 3299 812 3366 oblatam
836 3300 992 3380 abnuerit,
1015 3301 1140 3380 laudam
1161 3302 1253 3384 eique
1268 3321 1362 3368 unam
1380 3319 1418 3368 ex
1433 3293 1541 3367 vacuis

325 3400 417 3468 iculis
440 3418 459 3465 o
485 3405 545 3467 ert.

389 3523 518 3600 Registri
534 3525 584 3584 lib.
601 3511 628 3583 V
643 3531 690 3601 ep.
708 3525 758 3586 42.
780 3526 892 3584 Mausi:
908 3525 996 3598 Oonc,
1013 3526 1079 3587 coli.
1093 3527 1145 3604 IX,
1165 3530 1256 3589 1212.
1275 3529 1387 3590 Farlati
1400 3528 1450 3610 VI,
1468 3530 1539 3587 412.

346 3608 418 3670 (iod.
435 3609 507 3686 dipl.
529 3609 611 3670 CSD.
628 3611 652 3688 1,
672 3613 721 3670 19.
737 3611 830 3672 taffo:
846 3613 977 3688 Regosta
992 3618 1073 3689 pont.
1090 3631 1163 3673 rom.
1180 3631 1224 3676 nr.
1243 3617 1315 3676 992.

338 3725 346 3758 ¹
363 3723 433 3781 aliua
453 3725 661 3797 „Rbisiuiensi“.
683 3725 714 3782 V.
733 3743 818 3796 supra
835 3743 875 3784 nr.
897 3731 937 3782 12.

896 3906 947 3968 33.

301 3987 324 4048 i.
340 3988 387 4058 iii,
401 4005 471 4050 nana
487 3986 606 4065 septenbri.

343 4104 433 4187 Papa
455 4105 630 4187 Gregorius
652 4105 668 4172 I
693 4105 850 4188 ,Maximo
873 4110 1102 4191 praesumptori
1132 4111 1283 4176 ecciesiae
1313 4111 1539 4192 salonitanae“,

301 4209 355 4290 qui
386 4227 461 4293 ,per
492 4207 693 4274 simoniacam
719 4209 876 4276 haeresim
900 4210 1065 4277 ordinatus
1087 4199 1255 4278 missarum
1283 4214 1438 4280 solemnia
1460 4217 1540 4284 cele·

299 4311 396 4376 brare
418 4311 629 4393 prohibitus“·
644 4317 722 4391 erut,
747 4312 910 4394 praecipit,
926 4320 963 4378 ut
979 4315 1112 4382 Romam
1131 4317 1235 4400 ,omni
1253 4319 1432 4400 postposita
1447 4339 1539 4386 excu-

301 4415 425 4480 satione
454 4415 601 4496 festinet,
637 4422 792 4496 quatenus
822 4423 947 4483 servata
980 4419 1101 4484 iustitia
1124 4420 1296 4486 secundum
1321 4424 1471 4489 canonica
1492 4425 1538 4489 in·

301 4517 413 4584 stituta
435 4516 575 4584 eiusdem
599 4538 696 4584 carisa
718 4522 864 4602 cognosci
888 4525 921 4586 et
943 4521 1025 4586 finiri
1046 4521 1175 4604 possit.“
