3602 5304
343 401 406 464 256

932 609 985 667 47.

339 693 362 754 l.
378 693 425 762 ill,
440 710 509 754 usur
524 693 612 754 oololri.
1669 773 1673 780 ι

382 811 472 893 Papa
489 810 664 892 Gregorius
686 809 701 874 1
726 808 922 894 „Mariniano
945 808 1094 890 episcopo
1113 807 1301 874 Ravennae“
1327 806 1466 890 exponit,
1481 805 1580 872 Jcau·

341 932 423 992 nem,
448 915 500 999 qui
525 913 610 979 veuit
636 912 695 990 „de
719 909 909 978 Pannoniis“
937 911 989 996 „in
1010 910 1150 988 castello,
1175 901 1260 990 quod
1282 909 1391 976 Novas
1411 908 1526 974 dicitur
1548 916 1581 975 et

341 1016 391 1081 cui
413 1016 515 1082 insula
539 1013 732 1096 Oapritana¹.
750 1019 820 1080 erat
841 1014 932 1094 quasi
954 1032 1011 1095 per
1034 1013 1205 1080 dioecesim
1235 1013 1433 1092 coniuncta“‚
1461 1013 1580 1094 episeo-

342 1137 417 1201 pum
440 1117 538 1184 iuisse
561 1119 777 1183 constitutum.
802 1116 898 1182 Cuius
921 1133 1144 1200 successorem,
1168 1116 1324 1182 translata
1346 1115 1422 1182 sede
1444 1115 1475 1179 in
1495 1113 1580 1180 insu-

341 1221 404 1292 lam
427 1219 640 1302 Capritanem,
664 1237 761 1300 quum
785 1218 959 1284 catholicae
974 1218 1126 1284 ecclesiae
1142 1237 1205 1284 una
1221 1235 1292 1284 cum
1307 1217 1417 1284 incolis
1433 1217 1579 1299 coniungi

341 1322 503 1402 voluisset,
528 1322 622 1404 paulo
646 1327 721 1403 post
743 1322 784 1387 ad
807 1320 1023 1387 schismaticos
1045 1322 1186 1400 rediisse,
1220 1321 1338 1386 incolas
1364 1337 1439 1386 vero
1462 1321 1494 1385 in
1518 1317 1580 1384 fide

342 1425 554 1508 permansisse
578 1430 695 1489 narrat.
727 1422 870 1503 Mandat,
894 1430 930 1488 ut
952 1441 1067 1489 novum
1091 1425 1275 1506 episcopum
1299 1423 1434 1502 ordinet,
1458 1422 1580 1504 episco-

341 1535 513 1613 patumque
543 1528 787 1609 caprulensem,
822 1544 1008 1608 „quousque
1037 1527 1077 1592 ad
1108 1525 1201 1594 iidem
1233 1527 1420 1610 catholicam
1450 1525 1580 1592 Histrici

340 1632 481 1714 episcopi
503 1633 734 1709 revertantur“,
757 1628 994 1712 suffraganeum
1016 1629 1151 1695 teneat
1187 1628 1324 1696 Causam
1346 1629 1475 1694 hiaximi
1497 1629 1580 1696 salo·

340 1737 455 1814 mitani,
485 1739 616 1818 rogatus
643 1733 790 1815 „assidue
813 1738 846 1800 et
867 1735 1064 1815 importune“
1091 1733 1131 1798 ab
1155 1734 1289 1800 exarcho
1313 1732 1483 1812 Callinico,
1511 1731 1579 1798 Ma·

340 1838 462 1905 riniano
492 1845 526 1903 et
549 1837 736 1905 Constantio
766 1837 916 1918 episcopo
943 1835 1168 1902 mediolanensi
1192 1835 1296 1902 defert
1318 1835 1579 1918 cognoscendam.

426 1961 556 2036 Registri
571 1961 622 2030 lio.
638 1960 680 2019 IX
696 1977 743 2036 cp.
762 1963 811 2021 10.
836 1960 950 2019 Mami:
975 1960 1063 2019 (lonc.
1080 1960 1146 2022 coll.
1163 1960 1200 2040 X,
1223 1963 1293 2020 118.
1320 1960 1434 2020 Farlati
1449 1961 1489 2040 11,
1506 1961 1579 2020 273.

384 2046 456 2108 Ood.
474 2047 545 2122 dipl.
562 2046 646 2108 cst).
662 2047 685 2124 l,
703 2048 754 2107 26.
775 2045 868 2106 Jaffe:
884 2047 1014 2121 Regesta
1029 2048 1109 2121 pont.
1125 2063 1199 2110 rom.
1214 2065 1258 2107 nr.
1278 2049 1371 2106 1166.

431 2134 476 2193 De
491 2131 610 2192 Maximi
628 2149 718 2191 causa
733 2133 763 2190 in
778 2131 882 2191 eodem
898 2147 985 2190 sensu
1008 2131 1110 2191 scribit
1124 2130 1294 2192 Constantio
1311 2132 1451 2208 episcopo
1470 2132 1577 2192 medio·

384 2219 507 2279 lunensi.
535 2217 663 2293 Registri
681 2219 732 2277 lib.
748 2217 790 2276 IX
805 2233 852 2293 ep.
871 2220 921 2277 67.
938 2218 1032 2276 Marsi
1049 2235 1097 2293 op.
1115 2219 1162 2279 cit.
1178 2218 1215 2296 X,
1235 2219 1304 2278 158.
1322 2217 1394 2278 Ood.
1410 2217 1483 2294 dipl.
1496 2215 1578 2279 OSD.

383 2306 407 2381 1,
424 2307 475 2365 aa.
492 2305 568 2364 aare
583 2301 652 2363 rora
670 2321 716 2365 nr.
736 2305 829 2364 rres.

377 2423 385 2454 ¹
404 2420 582 2490 „captumst
600 2435 673 2474 nunc
691 2418 786 2473 caorle
805 2433 859 2473 una
876 2433 910 2472 ex
929 2417 1025 2474 insulis
1044 2419 1155 2473 venatis.
1174 2419 1253 2475 Josn.
1272 2419 1366 2474 chron.
1380 2425 1465 2473 venet.
1483 2418 1580 2474 Perta:

340 2506 439 2576 Script.
458 2507 548 2562 Germ,
567 2506 626 2575 Vll,
644 2509 669 2558 4.
742 2507 752 2536 ²
770 2505 893 2560 Schisma
911 2505 970 2573 hoc,
989 2505 1022 2560 de
1035 2505 1112 2561 cuius
1124 2507 1316 2576 suppressione
1328 2506 1425 2575 agitur,
1439 2505 1580 2561 subortum

339 2599 399 2649 erat
416 2594 445 2648 in
463 2592 545 2649 latria
568 2598 596 2648 et
616 2593 781 2648 Venetorum
804 2591 944 2661 provincia
961 2592 996 2648 oh
1014 2593 1070 2646 tric
1087 2591 1214 2662 capitula,
1240 2607 1308 2662 quae
1329 2599 1478 2662 praeetmtc
1496 2593 1580 2663 patri·

340 2679 423 2734 archa
441 2678 556 2734 Paulino
574 2678 603 2733 in
621 2677 790 2748 Aquileiensi
808 2677 910 2748 synodo
928 2693 952 2732 a.
972 2680 1076 2733 odd-5
1093 2677 1222 2734 damnata
1242 2679 1361 2734 fuerunt.
1384 2679 1496 2736 Praeter
1516 2695 1580 2748 pon·

341 2763 429 2821 tiflccs
448 2763 587 2834 Pelagium
605 2764 632 2818 11
651 2770 678 2818 et
696 2763 855 2832 Gregorium
873 2764 887 2817 1
904 2764 985 2818 etiam
1004 2765 1138 2820 exarchus
1151 2765 1314 2835 smaragdus
1332 2767 1495 2834 (oss—590)
1512 2763 1580 2820 mul-

339 2857 398 2906 tum
416 2849 471 2920 egit
488 2851 521 2906 de
539 2847 719 2906 restituenda,
734 2865 794 2905 cum
818 2865 931 2906 romam
954 2849 1018 2907 sede
1041 2852 1235 2907 communione.
1262 2851 1372 2906 Heiale:
1398 2852 1579 2921 Concilienge·

340 2937 462 2994 sohiehte
479 2937 514 3008 11,
532 2940 644 2994 890-9.

933 3168 984 3228 48.

341 3252 364 3312 l.
381 3253 429 3321 tlt,
443 3270 512 3313 mue
527 3251 586 3313 ntia

384 3370 472 3452 Papa
487 3369 660 3452 Gregorius
674 3370 691 3435 1
710 3367 871 3451 „Mariano
895 3369 1045 3451 episcopo
1062 3369 1251 3435 Ravennae“
1272 3369 1436 3452 significat
1453 3388 1472 3434 e
1488 3387 1578 3451 prae-

341 3472 527 3540 cedentibus
561 3473 704 3554 epislolis
738 3473 841 3554 ipsum
876 3472 976 3550 seire,
1015 3485 1115 3554 „quse
1154 3473 1194 3539 de
1227 3489 1323 3538 causa
1358 3473 1485 3538 Maximi
1517 3473 1581 3538 sint

340 3573 496 3660 agenda“.
524 3575 577 3654 „si
599 3576 684 3642 idem
707 3575 864 3640 Maximus
887 3591 992 3641 coram
1014 3575 1157 3642 Mariano
1174 3581 1207 3642 et
1223 3573 1368 3641 castorio
1385 3576 1577 3642 chartulario

340 3679 381 3744 dc
404 3678 576 3744 simoniaco
596 3677 731 3763 haeresi,
758 3679 913 3760 praestito
935 3679 1121 3758 iuramento,
1145 3697 1180 3745 se
1202 3677 1396 3761 purgaverit,
1421 3686 1516 3761 atque
1538 3681 1580 3745 dc

340 3781 411 3847 aliis
426 3785 509 3867 ,ante
532 3799 645 3864 corpus
669 3782 769 3848 sancti
792 3782 984 3865 Apollinaris
1007 3782 1225 3848 tantummodo
1252 3783 1423 3862 requisitus
1446 3782 1579 3848 liberum

340 3903 375 3950 se
398 3903 469 3951 esse
492 3884 724 3970 responderis,
749 3903 882 3967 poenam
905 3886 1009 3951 eidem
1032 3891 1154 3951 statuat
1176 3884 1372 3952 clementem.

427 4011 556 4087 Registri
572 4010 622 4071 lib.
639 4011 681 4069 IX
697 4027 744 4086 cp.
763 4013 812 4070 79.
841 4009 950 4069 Massi:
974 4009 1063 4069 (lonc.
1080 4009 1146 4069 coll.
1162 4009 1199 4090 X,
1226 4012 1297 4070 165.
1321 4007 1434 4071 Farlati
1449 4010 1489 4090 11,
1506 4011 1579 4068 275.

384 4095 457 4157 Ood.
475 4097 545 4173 dipl.
563 4097 646 4158 GSD.
663 4098 687 4174 1,
706 4099 755 4156 28.
773 4097 863 4156 Jaffe:
879 4097 1008 4171 Regesta
1024 4113 1095 4158 rom.
1112 4100 1193 4172 pont.
1210 4114 1255 4154 nr.
1274 4099 1364 4157 1235.

341 4422 364 4483 l.
380 4423 428 4493 cll.
443 4440 512 4484 noma
527 4422 586 4484 iulio.
934 4339 986 4399 49·

386 4541 475 4624 Papa
506 4539 679 4622 Gregorius
701 4539 716 4603 I
741 4538 904 4626 „castorio
935 4541 1076 4606 notario¹‘
1110 4560 1167 4607 suo
1199 4540 1346 4619 mandet,
1378 4546 1414 4605 ut
1443 4541 1580 4606 Maximo

348 4641 543 4724 salonitano,
559 4643 586 4708 si
602 4642 767 4710 simoniam
781 4643 965 4726 purgaverit
980 4649 1013 4710 et
1027 4643 1254 4726 poeniteutiam
1273 4644 1331 4722 „de
1346 4643 1578 4711 inobedientia“
