3572 5276
799 584 927 658 215.

244 703 265 766 d
280 722 300 765 a
315 703 444 765 rota-rt.

446 839 478 904 S.
507 825 672 906 Gerordoa
695 841 839 924 ladmoe,
863 845 946 909 unde
969 843 1171 927 Honpcra‘om
1188 845 1276 928 petit.

753 981 872 1048 (Dubiae
891 981 976 1048 fidei.)

285 1098 448 1165 Gerardus
464 1101 597 1169 nacione
612 1107 755 1179 uenatus,
780 1103 820 1169 de
839 1103 970 1168 ciuitate
986 1102 1167 1171 uenocienei
1185 1109 1279 1168 natus
1302 1104 1334 1167 in
1357 1103 1481 1184 palaco

244 1203 375 1285 patricie
406 1202 582 1270 familie1..
607 1206 640 1270 in
676 1207 832 1287 baptismo
864 1207 1020 1288 Georgius
1051 1213 1099 1273 est
1133 1204 1311 1272 nominatus
1325 1256 1331 1271 .
1347 1255 1376 1270 ..
1402 1203 1482 1271 (lum

243 1313 330 1373 esset
352 1326 506 1373 annorum
523 1310 671 1391 quinque,
695 1311 779 1392 cepit
795 1311 918 1392 magnis
934 1308 1076 1377 febribus
1092 1315 1242 1388 estuare,
1265 1311 1349 1391 quod
1373 1308 1484 1376 uiden-

242 1415 292 1477 tes
314 1417 462 1492 parentes
482 1413 560 1492 eius,
577 1413 760 1478 obtulemnt
774 1432 845 1480 eum
862 1419 971 1479 sancto
987 1412 1126 1495 Georgio
1150 1415 1281 1494 martyri
1303 1431 1373 1478 curn
1396 1413 1483 1479 obla·

244 1515 397 1592 omnibns,
429 1515 471 1580 ad
501 1517 570 1582 eius
601 1515 826 1582 monasterium
857 1516 1038 1582 deferentes
1070 1535 1203 1596 puerum
1231 1533 1290 1598 pro
1313 1515 1486 1583 obtinenda

243 1618 383 1684 sanitate
416 1635 522 1686 coram
556 1619 673 1685 abbate
703 1626 735 1685 et
769 1621 946 1696 monachia3
982 1619 1023 1685 ad
1057 1637 1191 1700 quorum
1225 1619 1384 1686 orationes
1412 1635 1483 1684 cum

243 1726 329 1787 asset
350 1728 492 1800 sanatus,
515 1723 651 1789 uestitus
674 1730 724 1789 est
745 1723 857 1789 habitu
881 1722 1037 1805 regulari*
1051 1774 1057 1785 .
1073 1773 1099 1787 ..
1124 1729 1271 1790 uocatum
1294 1728 1344 1791 est
1370 1738 1485 1788 nomen

243 1823 310 1890 eius
341 1825 543 1892 Gerhardus⁸
556 1874 563 1889 .
578 1875 607 1890 ..
639 1826 796 1893 Defuncto
827 1828 936 1908 itaque
966 1833 1058 1909 patre
1088 1825 1298 1905 monasterii‘,
1333 1826 1485 1910 magister

244 1927 429 1995 Gerhardus
453 1929 580 2012 eligitur
602 1931 634 1994 in
658 1931 807 1996 abbatem
822 1980 828 1994 .
845 1980 874 1995 ..
905 1931 983 1996 Post
1006 1930 1127 2012 aliquot
1149 1936 1256 1998 autem
1278 1947 1388 2007 annos,
1417 1927 1485 2010 qui·

247 2032 308 2098 bus
338 2037 468 2114 preerat
497 2033 621 2115 pretato
645 2033 851 2119 monasterio,
875 2035 988 2100 uolens
1011 2033 1168 2116 proficisci
1193 2033 1234 2099 ad
1259 2032 1484 2100 monasterium

244 2135 329 2201 beati
359 2135 513 2202 leronimi
543 2137 575 2201 in
605 2136 809 2220 Bethlehem,
843 2138 1041 2219 uisitareque
1072 2143 1217 2204 sanctum
1246 2137 1359 2214 locum,
1390 2151 1485 2217 quem

246 2236 391 2306 Christus
413 2239 603 2323 glorificauit
626 2259 684 2307 sua
706 2241 881 2323 presencia,
914 2239 1063 2326 officium,
1092 2240 1177 2323 quod
1199 2243 1394 2322 susceperat,
1416 2245 1484 2306 ten·

245 2342 336 2408 tabat
366 2343 613 2427 resignare
652 2343 746 2412 Unde
776 2351 938 2427 assumpto
971 2345 1085 2412 itinere
1116 2363 1231 2410 nauem
1264 2341 1483 2410 Zadriensium

245 2452 455 2513 mercatorum
478 2446 651 2528 ingressus,
680 2465 750 2513 cum
773 2452 839 2516 suis
862 2449 1029 2514 comitibus
1053 2447 1291 2532 nauigationem
1320 2446 1485 2513 inchoave-

245 2555 328 2615 runt
363 2549 483 2617 Exorta
512 2555 561 2618 est
584 2558 691 2618 autem
721 2552 767 2618 eis
799 2571 912 2634 magna
943 2550 1114 2617 difficultas
1145 2551 1320 2635 remigandi
1350 2551 1383 2616 in
1406 2549 1486 2614 mari

246 2658 377 2736 propter
400 2655 593 2720 contrarium
617 2661 747 2722 uentum
771 2661 803 2722 et
826 2657 979 2722 marinam
1003 2659 1245 2737 tempestatem,
1277 2655 1361 2721 unde
1384 2652 1485 2736 appli-

247 2763 381 2824 cuerunt
410 2757 532 2824 cuidam
565 2759 766 2842 monasterio,
800 2759 917 2840 inquo
952 2759 1084 2842 contigit
1117 2759 1277 2825 dominum
1306 2755 1486 2835 Rasimm‚⁶

247 2860 395 2928 abbatem
418 2862 605 2928 monasterii
628 2864 727 2928 sancti
745 2862 904 2940 Martini,s
922 2863 995 2928 olim
1020 2863 1155 2928 amicum
1172 2880 1263 2928 suum
1285 2861 1485 2944 peculiarem,
1512 2891 1515 2898 ·

248 2963 371 3030 adesse.
395 2964 527 3030 Factum
562 2971 612 3031 est
634 2972 749 3043 autern,
781 2971 816 3030 ut
838 2971 971 3047 propter
1002 2971 1229 3048 tempestatem
1252 2963 1401 3049 progredi
1423 2959 1485 3032 non

248 3067 391 3136 ualentes
422 3068 574 3149 compulsi
597 3069 659 3135 sint
689 3074 759 3135 tota
793 3069 1038 3151 quadragesima
1070 3069 1188 3135 ibidem
1212 3068 1378 3150 demorari,
1401 3068 1486 3150 quod

249 3171 394 3239 dominus
433 3169 617 3238 Gerhardus
647 3174 789 3256 grauiter
827 3173 961 3238 tulit...
1008 3170 1192 3239 Transactis
1231 3178 1336 3241 autem
1375 3171 1487 3239 diebus

249 3273 491 3358 quadragesime
507 3277 551 3342 ait
575 3276 674 3342 abbae
690 3275 826 3342 Rasina:
855 3277 1001 3362 ,domina
1019 3263 1223 3346 Gerbardot'.
1239 3329 1245 3342 .
1261 3329 1267 3341 .
1285 3294 1358 3344 ecce
1380 3275 1487 3358 pergis

248 3379 471 3447 ierosolimam
501 3379 541 3446 ad
570 3379 797 3462 predicandum
837 3379 1006 3448 Saracenis
1045 3387 1077 3448 et
1110 3380 1233 3455 Iudeis;
1272 3379 1489 3462 quomodote

248 3483 419 3568 recipient,
451 3483 504 3565 qui
533 3484 692 3566 apostolos
724 3503 786 3551 non
817 3485 1029 3568 receperunt?
1053 3533 1059 3547 .
1085 3535 1091 3548 .
1117 3533 1123 3546 .
1152 3484 1254 3566 Igitur
1284 3484 1409 3564 placeat
1431 3481 1488 3548 tibi

249 3585 414 3654 consilium
442 3605 557 3668 meum,
588 3593 624 3653 ut
647 3594 813 3655 conuertas
844 3594 965 3656 mentes
989 3584 1206 3654 infidelium..
1230 3587 1316 3669 quod
1337 3585 1398 3652 hac
1420 3584 1489 3653 uice

248 3690 339 3774 plebs
372 3689 573 3774 Ungarorum
592 3694 727 3760 maxime
759 3693 903 3776 requirit,
928 3710 1030 3774 neque
1062 3692 1095 3758 in
1117 3692 1234 3760 mundo
1257 3693 1298 3757 ad
1320 3689 1488 3758 lucrandas

249 3795 370 3861 animas
402 3795 528 3862 domino
562 3794 666 3862 locum
698 3797 739 3862 ad
769 3815 901 3878 presens
935 3797 1077 3862 inuenire
1112 3797 1232 3878 potaris
1267 3795 1488 3878 aptiorem...

249 3899 464 3966 Ascendentes
496 3919 573 3984 ergo
604 3900 696 3968 simul
731 3918 846 3967 nauem
876 3906 1036 3968 uenerunt
1065 3899 1219 3979 Zadriam,
1252 3899 1307 3966 ubi
1339 3897 1490 3966 ordinatis

250 4003 347 4071 uictui
377 4006 573 4084 necessariis,
604 4005 757 4087 librisque
788 4005 886 4070 asinis
918 4007 983 4072 suis
1014 4003 1185 4085 impositis,
1217 4009 1359 4070 assumto
1384 4020 1490 4070 secum

249 4109 387 4190 quodam
421 4109 561 4190 ductore,
593 4107 690 4176 Crato
722 4110 857 4191 nomine,
890 4109 943 4190 qui
967 4109 1036 4174 uias
1059 4125 1098 4174 ac
1120 4108 1251 4174 semitas
1272 4107 1397 4172 illamm
1419 4125 1491 4188 par-

250 4211 332 4278 cium
355 4218 498 4292 nouerat‚
522 4230 601 4295 quos
625 4213 665 4278 ad
688 4203 875 4294 preceptum
899 4211 1017 4278 domini
1048 4213 1098 4277 sui
1120 4227 1221 4291 usque
1244 4209 1276 4276 in
1299 4209 1404 4292 Engat
1425 4209 1493 4276 sine

250 4313 424 4381 offensione
456 4315 622 4398 conduxit,
653 4316 792 4396 indeque
823 4316 981 4383 associato
1014 4315 1206 4382 conductore
1239 4313 1302 4380 alio
1336 4311 1492 4395 ordinato,

251 4418 354 4484 dictus
384 4417 479 4485 Grato
510 4419 663 4486 tendebat
685 4437 798 4485 uersus
829 4420 983 4486 orientem
1006 4418 1138 4502 ingredi.
1165 4415 1308 4484 Tandem
1332 4416 1492 4498 Quinque·

252 4521 420 4590 eectesias⁷
443 4524 482 4614 ad
506 4523 667 4590 dominum
689 4522 836 4589 Maurum
859 4522 1049 4606 episcopum,
1063 4523 1315 4608 peruenerunt⁸.
1331 4571 1358 4585 ..
1423 4511 1428 4520 ’

1296 4719 1302 4733 ’
1371 4727 1390 4768 *
