3572 5276
380 431 442 493 396

382 631 536 715 σθλάβοο”
559 635 696 703 εἰσῆλθεν
718 635 748 697 ἐν
770 631 910 721 Σερβλίᾳ,
933 637 989 722 οὐχ
1019 635 1173 702 Serbtiom
1196 635 1292 702 vonit.
1326 636 1399 704 Non
1421 637 1542 704 invenit
1562 656 1619 704 ou·

383 731 444 825 εὗρε
466 727 499 801 δὲ
522 744 559 810 εἰς
580 738 636 808 τὴν
658 737 756 826 χώραν
772 745 796 802 εἰ
811 739 852 826 μὴ
875 739 984 810 πεντή-
1015 745 1080 805 tem
1102 742 1135 804 in
1158 760 1196 808 ea
1218 741 1348 823 regione
1378 747 1509 822 praeter
1535 742 1622 807 viros

382 863 475 904 κοντα
498 841 601 928 μόνους
622 833 726 929 ἄνδρας
756 843 834 930 μήτε
855 854 985 932 praerog
1015 844 1255 928 quinguagintu,
1277 846 1346 911 sine
1368 845 1518 911 uxoribus
1541 845 1620 912 libe·

380 949 505 1032 ἔχοντας
527 945 605 1033 μήτε
632 935 753 1021 παδίοι,
784 945 865 1010 οιλλά
894 970 983 1017 κυνη-
1013 951 1120 1030 risque
1141 949 1307 1015 venatione
1324 949 1523 1029 victitantem
1548 966 1618 1014 oum

376 1059 503 1136 γοῦντοις
539 1052 588 1112 καὶ
622 1040 869 1138 διατρερορένους.
903 1051 982 1138 μετὰ
1012 1052 1060 1118 his
1083 1053 1244 1136 regionem
1269 1053 1433 1132 obtinere,
1456 1073 1516 1136 per
1537 1072 1617 1120 nun-

377 1152 494 1217 τούτων
526 1153 675 1241 κρατήσας
697 1154 752 1225 τὴν
782 1154 881 1242 χώραν
910 1155 982 1241 ἐμή·
1012 1155 1075 1222 tios
1098 1157 1230 1221 tuteloni
1255 1162 1288 1221 et
1310 1157 1459 1222 auritium
1490 1158 1531 1224 nb
1558 1159 1617 1223 in-

378 1281 445 1322 νοτε
477 1258 547 1345 πρὸς
581 1257 634 1320 τὸν
666 1257 787 1340 βασιλέα
818 1256 982 1346 Ῥωμαίων,
1013 1267 1162 1342 peratore
1177 1261 1411 1328 Βοιυουοιίιυι3
1425 1261 1526 1343 petiit,
1542 1280 1616 1344 pro·

375 1362 432 1432 τῆν
454 1362 487 1446 ἐξ
500 1365 592 1425 αὐτοῦ
611 1359 762 1448 οιντίληψιν
777 1365 827 1426 καὶ
843 1363 983 1446 βοήθειαν
1014 1366 1142 1431 mittens
1165 1365 1377 1431 obedientiam
1393 1366 1462 1431 eius
1476 1366 1616 1434 tussibus

376 1465 540 1551 ἐπιζητῶν,
578 1465 804 1554 ὑπισχνούμενος
838 1459 983 1532 δουλεύειν
1015 1487 1050 1535 se
1073 1470 1308 1552 praestiturum¹
1338 1469 1464 1551 qualem
1485 1473 1520 1535 et
1541 1475 1616 1536 ante

375 1572 425 1633 καὶ
447 1571 571 1634 ὑπείκειν
586 1581 627 1656 τῇ
641 1570 796 1659 προστάξει
818 1576 911 1636 αὑτοῦ
925 1596 980 1635 να·
1010 1574 1113 1656 ipsum
1137 1573 1300 1656 principes
1316 1572 1458 1640 Romano
1477 1575 1616 1657 impera-

375 1673 439 1748 δὼς
460 1677 510 1738 καὶ
533 1678 559 1738 οἱ
580 1675 635 1763 πρὸ
658 1679 751 1740 αὐτοῦ
773 1674 922 1763 ἄρχοντες.
1011 1679 1073 1744 tori
1096 1677 1296 1745 exhibebant.

420 1776 481 1841 Καὶ
514 1778 621 1842 ἐντότε
650 1783 684 1842 οὐ
714 1770 838 1844 διέλιπεν
861 1785 876 1843 ὁ
900 1781 981 1863 βαοι-
1056 1781 1160 1863 Atque
1191 1801 1230 1848 ex
1261 1800 1297 1848 eo
1327 1788 1472 1865 ternpore
1505 1783 1615 1848 multis

374 1882 440 1956 λεὺς
477 1881 630 1970 Ῥωμαίων
675 1887 832 1973 εὐεργετῶν
877 1885 979 1958 αὐτὸν,
1010 1887 1098 1951 illum
1120 1885 1281 1952 benefieiis
1312 1884 1419 1952 affecit
1440 1888 1614 1969 imperator

375 1992 453 2051 ὡστε
475 1991 525 2051 καὶ
547 1994 585 2060 εἰς
606 1985 784 2075 Χρυβοιτίοιν
811 1991 861 2052 τιυὶ
884 1987 976 2052 Βουλ-
1008 1991 1232 2071 Romanorum,
1256 1990 1302 2056 ite
1324 1997 1359 2057 nt
1382 1990 1495 2070 Serbli,
1517 1991 1571 2072 qui
1594 2011 1615 2057 o

374 2092 477 2180 γαρίαν
498 2093 548 2155 καὶ
577 2092 607 2154 ὲν
636 2103 702 2166 τοῖς
730 2096 844 2167 λοιπαῖς
872 2093 980 2180 γώρτις
1012 2093 1168 2176 symeone
1202 2093 1346 2176 dissipati
1376 2094 1408 2159 in
1439 2093 1613 2162 Chrobotin

373 2187 523 2282 διάγοντες
554 2193 693 2282 Σέρβλοι,
727 2201 775 2270 οὓς
808 2201 824 2260 ὸ
855 2194 977 2284 Σύρεὼν
1008 2191 1050 2263 et¹
1074 2197 1227 2281 Bulgerio
1260 2199 1393 2280 aliisque
1430 2201 1614 2280 regionibus

372 2290 560 2386 δισσκόρπτσε,
582 2310 676 2364 τοῦτο
698 2299 876 2374 ἀκούσαντες
891 2301 977 2372 ουνή·
1007 2303 1294 2380 commorabantur,
1319 2321 1354 2368 re
1376 2303 1487 2369 audite
1509 2304 1550 2369 nd
1564 2303 1612 2385 ip-

373 2405 494 2490 psoooev
518 2409 555 2478 εἰς
578 2405 677 2468 αὐτὰν.
709 2404 790 2467 αλλοὶ
814 2407 863 2468 καὶ
885 2405 914 2467 ὲν
936 2415 977 2488 τῇ
1008 2425 1078 2471 sum
1107 2407 1246 2488 undique
1275 2408 1432 2490 gregatim
1467 2409 1613 2474 eonveni-

371 2507 456 2570 πόλει
487 2511 593 2572 πολλοὶ
622 2509 684 2572 ἀπὸ
714 2507 894 2598 Βουλγαρίας
926 2531 979 2596 po-
1012 2517 1092 2576 nent.
1115 2510 1198 2587 Quin
1221 2516 1253 2576 et
1275 2511 1306 2576 in
1325 2513 1436 2578 urbem
1457 2511 1612 2578 Constan-

370 2611 473 2700 γὸντες
506 2614 670 2684 εἰσῆλθον.
699 2616 746 2684 οὒς
777 2616 826 2676 καὶ
855 2604 975 2686 ἐνδύοας
1004 2615 1244 2697 tinopolitonam
1268 2615 1396 2698 plurimi
1419 2635 1438 2682 e
1460 2615 1613 2698 Bulgeria

372 2719 423 2779 καὶ
459 2716 657 2806 εὐεργοπήοοις
694 2721 710 2780 ο
747 2718 880 2800 βασιλεὺς
915 2727 976 2781 τῶν
1005 2717 1163 2800 fugientes
1195 2720 1375 2797 venereos,
1406 2737 1485 2800 quos
1515 2719 1612 2786 vesti·

370 2804 525 2907 Ῥοιμοιίυν
547 2819 703 2884 ἀπέστειλε
721 2821 790 2908 πρὸς
811 2820 864 2885 τὸν
887 2817 977 2906 Τζεέ-
1006 2823 1067 2888 bus
1091 2825 1268 2902 ceterisque
1295 2821 1457 2890 beneficiis
1481 2827 1612 2890 ornatos

371 2925 515 3006 σιδλαβον.
550 2926 600 2987 καὶ
634 2925 696 2987 ἀπὸ
733 2934 793 2988 τῶν
830 2925 976 2988 πλουσίων
1006 2928 1181 3009 imperator·
1217 2927 1439 3010 largitionibus
1479 2928 1611 3010 regione

371 3019 485 3116 δωρεῶν
509 3037 564 3092 τοῦ
587 3027 728 3111 βασιλέως
751 3025 903 3115 Ῥωμαίων
927 3051 977 3091 ου-
1008 3031 1179 3096 constituto
1201 3036 1234 3096 ot
1263 3031 1304 3096 od
1326 3031 1493 3112 pristinem
1524 3030 1610 3098 inoo-

370 3131 553 3219 στησάμενος
575 3135 625 3195 net
640 3132 787 3206 ἐνοικήσας
802 3133 857 3202 τήν
875 3133 974 3220 χώραν
1004 3134 1106 3200 iarum
1121 3133 1334 3216 frequentiam
1350 3133 1490 3206 reducta,
1507 3140 1610 3201 totum

370 3242 408 3310 ὡς
422 3236 460 3300 τὸ
475 3235 612 3324 πρότερον
635 3237 712 3300 ἐστιν
734 3237 975 3324 ὑποτεταγμένος
1006 3257 1041 3302 se
1085 3239 1227 3306 Romano
1272 3238 1404 3321 imperio
1453 3239 1610 3319 subiecit;

369 3330 578 3427 δουλοπρεπῶς
603 3351 649 3422 τῷ
677 3341 790 3422 βασιλεῖ
810 3339 973 3428 Ῥωμαίων,
1005 3345 1123 3426 quippe
1145 3343 1245 3424 ipsius
1267 3343 1468 3424 imperatoris
1492 3343 1609 3409 auxilio

367 3445 417 3506 καὶ
439 3433 488 3507 διὰ
510 3453 566 3518 τῆς
580 3454 636 3508 τοῦ
653 3443 793 3527 βασιλέως
816 3437 973 3532 συνδρομῆς
1003 3447 1287 3529 frequentibusque
1299 3447 1369 3512 eius
1381 3445 1544 3513 benefieiis
1558 3465 1610 3512 re-

367 3551 417 3610 καὶ
447 3556 508 3611 τῶν
538 3551 657 3611 πολλῶν
686 3551 780 3613 αὐτοῦ
810 3552 975 3639 εὐεργεσιῶν
1006 3552 1100 3633 gione
1134 3551 1190 3616 illo
1223 3552 1416 3629 constituto,
1459 3551 1608 3633 princeps

366 3651 423 3722 τὴν
452 3651 594 3724 τοιαύτην
623 3652 722 3741 χώραν
754 3653 902 3727 συστήσας
923 3655 972 3717 καί
1003 3673 1130 3737 quoque
1152 3653 1219 3721 illie
1241 3653 1446 3722 confirmatus
1469 3660 1528 3721 est.

367 3753 466 3842 ἄρχων
489 3757 518 3819 ὲν
539 3759 620 3841 αὐτῇ
643 3757 824 3840 βεβαιοθείς.
1048 3758 1199 3826 Ceterum
1222 3757 1364 3826 Serbliae
1394 3759 1542 3841 princeps
1565 3760 1606 3825 ab

409 3855 486 3922 Ὅτι
508 3864 524 3922 ο
546 3857 645 3948 ἄρχων
659 3859 798 3947 Σερβλίας
820 3862 851 3946 ἐξ
870 3863 971 3949 ἀρχῆς,
1002 3863 1101 3946 initio,
1125 3865 1157 3930 id
1174 3853 1224 3929 est
1238 3863 1278 3930 ab
1301 3863 1433 3946 imperio
1455 3862 1606 3942 Heraclii,

365 3962 456 4054 speon
476 3965 538 4027 ἀπὸ
556 3974 611 4038 τῆς
633 3965 779 4046 βασιλείοις
801 3963 974 4052 Ἡρακλείου
1004 3969 1218 4033 Romanorum
1247 3967 1431 4050 imperatori
1465 3969 1607 4044 suberat,

364 4077 419 4131 τοῦ
442 4067 603 4151 βασιλέως,
637 4059 778 4143 δουλυιῶς
801 4069 879 4133 ἐστὶν
898 4074 971 4133 ὑπο-
1001 4090 1064 4138 υου
1086 4071 1296 4154 Bulgerorum
1319 4071 1462 4153 principi.

365 4169 549 4259 τεταγμένος
581 4181 628 4254 τῷ
661 4170 814 4259 Ῥωμαίων
850 4175 970 4256 βασιλεῖ,

364 4277 414 4339 καὶ
437 4266 581 4340 οὐδέποτε
610 4286 656 4359 τῷ
685 4275 805 4364 ἄρχοντι
835 4275 971 4367 Βουλγα-

365 4380 425 4466 ρίας
447 4379 660 4468 καθυπετάγη.

452 4503 660 4566 Constantinus
683 4505 825 4583 porphyr.
851 4506 888 4568 de
912 4507 1019 4568 odmin.
1045 4508 1116 4590 imp.
1142 4525 1167 4568 ο.
1185 4507 1236 4586 32,
1254 4525 1283 4586 p.
1302 4507 1607 4572 158-90d.Bonn.

408 4589 528 4670 Eorum,
544 4607 622 4667 quoe
637 4611 691 4652 nro
710 4596 770 4654 197
786 4593 916 4654 adducto
931 4597 1007 4673 eunt,
1026 4593 1214 4654 continuatio.
