3604 5276
327 257 390 322 328

369 459 462 524 Anno
487 458 564 524 823.
596 459 708 527 Mense
738 458 823 526 Maio
854 477 927 526 uon·
1000 460 1037 524 In
1061 459 1172 526 eodem
1195 463 1350 526 conventu
1372 477 1458 526 mors
1479 478 1558 525 uuu-

327 570 439 630 ventus
461 565 493 629 iu
515 560 626 630 eodem
649 561 719 630 loeo
736 561 927 646 (Franoono-
956 563 1036 628 tiata
1051 569 1100 629 ost
1115 560 1271 628 Liudeviti
1288 560 1422 645 tyranni,
1447 582 1560 646 aquo·

326 667 414 752 iord)
437 663 587 734 habitus.
606 719 612 732 .
631 718 638 731 .
661 668 698 733 ln
721 667 833 734 eodem
856 683 928 733 oon·
959 667 1031 733 dam
1054 667 1126 733 dolo
1149 665 1316 734 interiecti.
1628 751 1632 760 Ι

327 776 425 841 ventu
458 774 582 856 tempus
612 778 647 840 et
675 775 762 840 locus
798 773 927 840 alterius
1043 795 1558 872 vitafloudowicjimp,0‚35‚pm

327 875 499 946 conventus
522 877 657 945 habendi
681 878 843 945 condictus
867 880 926 954 est,
1001 876 1039 960 11,
1058 883 1130 942 627.

327 975 507 1051 November
550 981 697 1050 videlicet
740 979 856 1051 mensis
899 987 931 1049 et

329 1083 574 1172 compendium
597 1089 758 1172 palatium.
786 1089 983 1171 Peractoqus
1005 1087 1120 1171 placito
1144 1093 1177 1154 ot
1198 1087 1337 1155 dimissis
1360 1087 1557 1172 primoribus,

329 1193 398 1260 cumi
420 1195 593 1276 imperator
616 1195 675 1261 iam
700 1193 773 1261 inde
798 1189 920 1276 digredi
944 1194 1119 1274 statuisset,
1143 1190 1283 1259 adlatum
1306 1197 1356 1258 est
1378 1192 1406 1259 ei
1422 1194 1462 1260 de
1478 1192 1558 1260 into

330 1299 392 1366 ritu
423 1297 607 1382 liudewiti,
639 1299 722 1381 quod
752 1297 869 1364 relictis
900 1293 1045 1384 Sorobis,
1076 1316 1145 1363 cum
1167 1296 1421 1364 Dalmatiamad
1443 1295 1558 1364 Liudo

331 1395 506 1469 muhsium⁵
528 1399 715 1469 auunculum
738 1401 863 1470 Bomae
887 1403 974 1468 ducis
992 1404 1198 1485 pervenisset,
1222 1409 1254 1468 et
1269 1402 1463 1488 aliquantum
1479 1403 1558 1470 tem·

331 1510 417 1594 puris
440 1524 510 1574 oum
533 1521 571 1576 eo
593 1515 734 1574 moratus
757 1507 879 1586 luisset,
904 1502 976 1574 doio
999 1507 1096 1590 ipsius
1120 1514 1205 1574 esset
1226 1506 1419 1574 intedeotus.

416 1651 557 1711 Einhardi
573 1652 693 1711 annaioa
709 1649 755 1711 sd.
773 1651 821 1711 oit.
838 1651 861 1728 1,
879 1652 950 1711 210.
966 1650 1097 1710 Enhurdi
1112 1651 1198 1711 Fuid.
1215 1650 1337 1711 annales
1351 1651 1375 1728 l,
1393 1651 1465 1710 358.

371 1787 378 1818 ¹
395 1786 566 1858 dompiegdo.
637 1788 647 1817 ²
664 1786 870 1856 ludamuhslum,
885 1783 1561 1858 ludemudum,tiudemis1um,liudemuuum.uju-
1637 1795 1644 1806 '

330 1871 441 1946 donysl
459 1873 598 1930 dimasto:
617 1873 668 1929 Dis
686 1873 803 1944 Bilduug
820 1873 868 1930 der
885 1874 950 1930 slav.
969 1873 1204 1930 Personanuameu
1222 1890 1262 1928 nr.
1281 1876 1341 1928 208.

334 2119 538 2186 Otrootorum
567 2126 674 2185 oooztro
704 2115 844 2185 Fiauooo
873 2117 1047 2184 rebellionis
1076 2119 1163 2204 opud
1185 2111 1378 2205 Byzantinos
1401 2121 1560 2185 memorio.

375 2255 470 2348 Μέχρι
498 2247 532 2324 ii
560 2257 669 2346 χρόνον
690 2267 775 2322 τινῶν
800 2255 932 2322 tutotu-
1004 2259 1067 2326 Por
1089 2258 1208 2342 aliquot
1237 2277 1313 2325 vero
1343 2277 1442 2328 anuos
1464 2261 1562 2326 otiam

331 2385 419 2428 σοντο
453 2363 503 2432 καὶ
540 2363 566 2426 οἱ
599 2353 628 2425 ὲν
662 2359 818 2449 seusus
850 2359 932 2435 ὄντες
961 2361 1153 2429 Dalmatiam
1196 2363 1369 2432 insolentes
1410 2363 1562 2430 Chrobati

332 2465 488 2555 Χρωβάτοι
508 2478 568 2540 τοῖς
578 2463 737 2554 Φράγγοις,
759 2465 863 2539 καθὼς
884 2468 934 2530 καὶ
962 2459 1091 2533 Francis
1114 2459 1375 2552 subiciebantur,
1410 2469 1560 2550 quemad-

331 2570 467 2659 τροτερον
489 2567 518 2634 ἐν
540 2579 581 2654 τῇ
598 2569 681 2658 χώρᾳ
696 2573 804 2634 αὐτῶν·
827 2579 931 2634 τοσοῦ·
959 2572 1086 2638 modum
1109 2573 1142 2638 et
1164 2579 1259 2639 autea
1280 2575 1402 2640 oum-in
1421 2575 1562 2656 ipsorum

330 2699 383 2740 τον
406 2665 438 2739 δὲ
453 2675 659 2763 ἐσκληρύνοντο
682 2671 854 2763 οῑΦράγγοι
867 2675 935 2763 πρὸς
964 2683 1051 2744 terra
1073 2678 1255 2759 degerent;¹
1285 2685 1375 2745 tanta
1402 2685 1506 2746 autem
1530 2679 1563 2744 in

331 2783 438 2856 αὐτοὺς
461 2780 507 2844 ὅτι
528 2779 570 2843 τοὶ
585 2778 758 2868 ὑπομάσθια
772 2789 833 2843 τῶν
847 2777 932 2867 Χρω·
963 2799 1018 2848 eos
1043 2782 1228 2849 crudelitate
1251 2783 1421 2850 utebantur
1439 2779 1562 2862 Franci,

332 2883 432 2970 βάτων
455 2883 619 2974 φονεύοντες
638 2883 839 2972 προσέρριττον
854 2881 934 2948 αὐτοὶ
963 2892 999 2951 ut
1020 2886 1174 2954 lactentes
1198 2883 1301 2953 adhue
1316 2907 1424 2954 sotum
1446 2907 1563 2971 pueros

331 2987 458 3075 σκύλαξι.
473 2979 676 3077 otiosissimi
691 2979 723 3052 δὲ
738 2987 764 3052 οἱ
779 2983 936 3076 Χρωβάτοο
966 2991 1144 3057 occidentes
1188 2993 1317 3058 canibus
1362 2992 1563 3059 obiicerem.⁹

329 3103 429 3159 ταῦτα
451 3095 530 3181 παρὰ
551 3103 612 3157 τῶν
623 3089 772 3182 ψράγχων
791 3091 930 3182 dolosus·
960 3091 1049 3173 Quae
1072 3113 1124 3161 res
1147 3111 1216 3162 cum
1239 3096 1444 3164 intolerabilis
1461 3094 1562 3166 Chro-

331 3201 385 3262 θαι
393 3183 547 3269 διέστησαν
563 3197 613 3261 ἀπ’
625 3199 733 3274 αὐτῶν,
746 3196 934 3286 φονεύσαντες
963 3201 1047 3266 batis
1070 3205 1165 3285 esset,
1189 3198 1272 3266 iacto
1295 3201 1425 3268 dissidio
1449 3203 1563 3285 prinoi-

332 3305 382 3368 καὶ
411 3303 458 3378 οὖς
488 3301 564 3392 εἶχον
594 3301 737 3392 ἄρχοντας
766 3303 798 3388 ἐξ
826 3305 933 3367 αὐτῶν·
965 3323 1022 3386 pes
1045 3323 1123 3387 quos
1146 3325 1185 3371 ex
1207 3305 1282 3388 ipsis
1302 3305 1463 3374 habebant
1484 3309 1565 3376 iute-

284 3441 289 3453 ·
332 3409 403 3473 ὅθεν
431 3408 626 3496 ἐστράτευσαν
646 3405 714 3471 κατ’
744 3411 842 3470 αὐτῶν
873 3405 934 3471 ατὰ
965 3415 1138 3488 remerunt3
1152 3409 1379 3494 undemugnus
1392 3417 1565 3479 contrusus

332 3511 483 3600 Φραγγνας
505 3511 651 3600 φοοσάτον
680 3511 775 3600 μέγα,
806 3514 855 3574 καὶ
885 3514 932 3574 ἐπὶ
962 3513 1116 3579 exercitus
1130 3513 1227 3580 movit
1242 3535 1260 3580 θ
1275 3513 1418 3596 Francia,
1442 3523 1563 3599 etpost

333 3617 411 3681 ἑπτα
423 3615 539 3705 χρονοος
561 3617 782 3705 πολεμήσαντες
797 3615 935 3690 ἀλλήλοις
964 3623 1084 3699 septem
1094 3635 1245 3684 annorum
1259 3618 1376 3687 beilum
1388 3639 1486 3702 aegro
1496 3627 1565 3688 tan·

333 3717 385 3810 ὀψὲ
407 3723 456 3786 καὶ
484 3721 565 3810 μόγις
593 3721 784 3810 ὑπερίσχυσεν
801 3723 827 3783 ol
852 3717 935 3809 Χρω-
964 3723 1036 3788 dem
1079 3724 1260 3804 superiores
1299 3723 1375 3791 facti
1413 3721 1567 3794 Chrobati

330 3825 484 3909 βάτοι,ν.αὶ
494 3828 606 3890 ἀνεῖλον
616 3827 684 3900 τοὺς
696 3817 852 3914 Φράχχοος
863 3825 937 3888 τάν·
968 3845 1076 3894 omues
1099 3827 1239 3895 Francos
1262 3847 1434 3911 eorumque
1456 3830 1567 3912 punci-

329 3955 383 4006 τας
399 3934 448 3995 ναὶ
465 3931 517 3995 τὸν
536 3929 667 4018 ἄρχοντα
683 3933 781 3993 αὐτῶν
797 3928 935 4014 Κοτζίλιν
965 3947 1037 4014 pem
1072 3929 1224 3998 Ootziliu⁸
1254 3951 1272 4000 e
1302 3933 1406 4001 medio
1429 3936 1568 4002 sustule-

329 4034 516 4120 καλούμενον.
561 4041 668 4099 ἔκτοτε
710 4025 743 4098 δὲ
788 4034 935 4122 μείναντες
964 4041 1046 4100 runt.
1070 4037 1114 4102 Et
1136 4037 1248 4104 exindo
1264 4037 1355 4104 libert
1371 4053 1407 4104 ac
1423 4041 1472 4105 sui
1489 4039 1568 4107 lutis

333 4130 547 4205 αὺτοδέοτοτοι
576 4139 732 4227 αὐτόνομοι
754 4137 934 4224 ἐξῃτήσαντο
965 4139 1041 4206 facti
1063 4157 1186 4206 sacrum
1202 4141 1358 4224 baptisma
1380 4157 1400 4208 a
1422 4139 1566 4212 Romano

333 4245 370 4308 τὰ
385 4246 467 4333 ἅγιον
483 4243 636 4333 βάπτισμα
648 4243 728 4332 παρὰ
742 4253 796 4307 τοῦ
812 4242 934 4332 Ῥῶμος·
966 4244 1113 4328 pontifice
1129 4246 1305 4328 petierunt;
1321 4248 1469 4332 missique
1485 4249 1569 4334 opis·

334 4351 385 4414 καὶ
395 4353 608 4421 ἀπεστάλησαν
619 4349 770 4414 ἑτίσεοτοι
781 4351 831 4412 καὶ
845 4346 937 4433 ὲβάτ-
968 4351 1037 4432 copi
1049 4351 1134 4433 ipsos
1146 4352 1349 4433 baptizarunt
1360 4354 1569 4438 principatum

335 4476 420 4517 τασαν
449 4454 556 4527 αὐτοὺς
585 4455 633 4517 ἐπὶ
662 4451 784 4541 Πορίνον
813 4461 868 4518 τοῦ
890 4450 939 4540 ἄρ-
969 4457 1096 4522 tenente
1119 4455 1263 4524 Posido-⁴

336 4580 442 4647 χοντος
463 4561 572 4623 αὐτῶν.
