3602 5304
747 998 875 1072 14²1.

192 1109 214 1168 i.
233 1106 368 1168 tet-tet.

195 1225 287 1312 Papa
308 1223 459 1292 NJcoioae
480 1225 504 1290 1
521 1225 610 1292 electo
633 1233 661 1292 a
683 1227 763 1293 clero
777 1229 922 1293 aunensi:
949 1225 1041 1308 ,Siue
1054 1234 1133 1291 autu
1148 1225 1230 1290 sedis
1245 1227 1429 1326 apostolicae

565 1331 689 1399 ecclesa
710 1353 773 1397 aaa
794 1331 879 1397 dedat
900 1331 1052 1398 institui.“

697 1451 924 1524 (Fragmentum.)

236 1559 389 1632 Nicolaus
410 1577 497 1643 papa
518 1559 618 1627 eleeto
642 1565 675 1626 et
697 1560 780 1627 clero
793 1559 949 1626 Nonensis
965 1559 1130 1626 ecclesiae.
1153 1559 1308 1640 Ecclesia,
1331 1562 1430 1626 idest

192 1665 419 1732 catholicorum
443 1665 603 1743 collectio,
635 1665 791 1747 quomodo
822 1665 889 1730 sine
921 1665 1115 1747 apostolicae
1139 1665 1223 1731 sedis
1247 1666 1431 1731 instituetur

191 1775 282 1856 nutu,
312 1771 438 1853 quando
461 1769 550 1835 iuxta
579 1785 670 1835 sacra
692 1769 820 1837 decreta
843 1788 903 1836 nec
924 1767 994 1851 ipsa
1018 1769 1115 1836 debet
1136 1769 1257 1852 absque
1280 1787 1428 1853 praecep-

191 1881 280 1943 tione
301 1893 406 1958 papae
428 1873 559 1941 basilica
581 1875 705 1940 noviter
720 1874 870 1952 construi,
894 1891 976 1956 quae
991 1873 1090 1956 ipsam
1106 1874 1330 1941 catholicorum
1346 1875 1429 1940 intra

193 1985 296 2049 semet
317 1977 465 2063 amplecti
488 1984 649 2046 catervam
672 1977 887 2062 dignoscitur?

281 2087 415 2148 Gratiani
427 2087 538 2149 decreti
552 2087 585 2147 P.
603 2087 656 2168 111,
669 2087 735 2148 diet.
753 2087 777 2168 1,
794 2105 818 2147 c.
836 2089 865 2147 8.
878 2087 913 2146 L.
927 2086 1062 2148 Richter:
1078 2087 1192 2163 Corpus
1204 2088 1274 2146 iuria
1286 2087 1428 2148 canonici.
1559 2097 1563 2104 '

237 2175 360 2252 Lipsiae
379 2177 470 2237 1836.
489 2176 549 2234 vol.
572 2175 596 2254 1,
619 2192 649 2250 p.
676 2173 769 2236 1132.
793 2173 886 2234 dailo:
910 2175 1039 2250 Regeeta
1050 2173 1218 2250 pontificum
1234 2191 1429 2238 romanorum.

236 2263 367 2324 Berolini
386 2263 478 2342 1851,
493 2279 538 2324 ur.
556 2263 649 2324 2161.
666 2261 737 2322 Ood.
754 2261 826 2338 dipl.
843 2260 925 2323 OSD.
944 2262 967 2338 1,
988 2263 1046 2321 199
1499 2291 1500 2296 1

755 2485 884 2558 1215.

193 2593 216 2655 a
232 2592 360 2654 tet-aa

195 2711 288 2798 Papa
309 2709 459 2778 Nicolaas
482 2711 661 2798 Iepiecopo
691 2713 830 2779 aeaeae
860 2715 1070 2780 salonitanae:
1105 2713 1196 2794 ,Noa
1226 2723 1430 2799 separatura

351 2817 427 2898 uiro,
452 2835 531 2898 qaae
550 2817 721 2898 filiaeireaau
743 2839 832 2882 saara
855 2819 893 2884 de
914 2839 1006 2885 sacro
1025 2819 1113 2902 fonte
1135 2820 1274 2886 lecacit.“

238 2939 391 3006 Nicolaus
425 2941 603 3009 salonitano
633 2943 799 3024 episcopo:
831 2941 933 3010 Nosse
962 2943 1140 3022 desideras,
1171 2950 1276 3009 utrum
1307 2944 1429 3023 mulier,

195 3063 280 3128 quae
304 3046 365 3114 viri
386 3044 485 3112 filium
515 3065 553 3113 ex
582 3047 645 3113 alia
674 3045 792 3113 femina
821 3048 962 3130 genitum
985 3048 1025 3114 de
1048 3066 1137 3114 sacro
1161 3047 1248 3114 ionia
1271 3049 1433 3130 levaverit,

194 3150 400 3234 postmodnm
421 3152 521 3233 possit
543 3169 614 3218 eum
637 3151 750 3220 eodem
773 3152 840 3218 viro
857 3151 1022 3235 copulari?
1048 3151 1135 3230 Quos
1149 3153 1221 3219 ideo
1236 3153 1324 3234 iungi
1339 3171 1433 3235 possa

195 3255 406 3341 decernimus,
434 3255 508 3338 quia
524 3257 695 3324 secundnm
712 3273 821 3322 sacros
836 3272 983 3337 oenones,
1007 3259 1067 3323 nisi
1093 3257 1258 3323 amborum
1280 3275 1434 3324 consensu

194 3361 314 3428 nudlius
336 3359 498 3444 religionis
521 3362 654 3429 obtentu
683 3360 780 3427 debet
809 3361 942 3428 coniunx
975 3361 1136 3428 dimittere
1159 3363 1332 3445 coniugem.
1356 3363 1432 3428 Pcr-

194 3467 277 3536 timet
299 3471 410 3532 autem
431 3465 473 3532 ad
494 3467 607 3550 ingens
628 3466 735 3532 uxoris
757 3467 895 3552 exitium,
919 3485 999 3548 qnae
1022 3467 1142 3533 habens
1166 3468 1238 3534 odio
1260 3468 1361 3534 virum
1382 3468 1434 3534 vel

194 3571 411 3638 infirmitatem
442 3570 511 3638 eius
540 3589 604 3637 non
634 3571 838 3638 considerans
848 3635 860 3660 ¹,
874 3570 964 3653 quasi
994 3589 1091 3638 cansa
1119 3571 1249 3654 pietatis
1283 3579 1435 3654 operatur

194 3678 413 3761 inpietatem,
444 3676 578 3744 maxime
601 3694 697 3759 quum
720 3675 882 3759 apostolus
903 3677 1095 3759 praecipiat:
1130 3677 1255 3758 ,nolite
1279 3679 1432 3761 inquiens,

194 3781 349 3848 mandare
371 3781 512 3860 invicem,
535 3780 596 3846 nisi
618 3801 660 3848 ex
682 3799 838 3847 consensu
852 3781 894 3847 ad
909 3787 1043 3864 tempm,
1066 3786 1102 3846 ut
1124 3781 1244 3848 vacetis
1260 3779 1433 3862 orationi“;

195 3887 231 3953 at
254 3887 386 3953 iterum:
413 3885 625 3972 „reveaimiui
647 3887 680 3951 in
702 3885 735 3952 id
757 3885 869 3970 ipsum,
892 3905 933 3953 ne
955 3891 1058 3954 tentet
1079 3904 1135 3952 vos
1159 3892 1287 3954 satanas
1302 3892 1434 3970 propter

192 3991 459 4060 incontinentiam
482 3995 650 4059 vestram“.
674 3991 761 4076 Ergo
775 3992 876 4058 sinon
889 4010 928 4056 ex
946 4009 1100 4058 consensu
1113 3991 1277 4075 utriusque
1293 3992 1434 4077 coniugis

196 4097 260 4164 hoe
280 4095 402 4164 sactum
424 4114 496 4162 esse
517 4095 680 4179 probatur,
704 4115 766 4162 non
789 4095 977 4164 fraudentur
991 4097 1133 4174 invicem,
1156 4097 1214 4164 sed
1236 4103 1437 4165 revertantur

194 4201 429 4285 inidipsum,
456 4200 644 4284 praesertim
674 4220 744 4268 cum
767 4201 852 4269 dicat
874 4203 1057 4286 apostolus:
1091 4220 1189 4288 „uxor
1218 4203 1267 4268 sui
1296 4203 1438 4285 corporis

193 4297 391 4391 potestatem
413 4325 475 4372 non
497 4307 604 4390 habet,
628 4306 687 4373 sed
709 4306 774 4387 vir;
798 4313 830 4374 et
853 4309 900 4374 vir
922 4311 1114 4389 potestatem
1137 4306 1186 4373 sui
1208 4309 1348 4388 corporis
1371 4326 1435 4374 non

196 4411 308 4490 habet,
332 4411 390 4478 sed
411 4410 554 4478 mulier.“

284 4519 386 4578 lvonis
400 4518 479 4580 decr.
495 4519 509 4578 I
525 4537 551 4580 c.
570 4521 639 4582 136.
657 4517 789 4580 Gratiani
806 4519 885 4582 deor.
902 4520 936 4580 P.
953 4520 992 4579 11.
1009 4519 1041 4581 0.
1064 4519 1157 4580 XXX.
1180 4522 1294 4596 quaest.
1314 4521 1341 4581 1.
1357 4537 1382 4581 a.
1400 4522 1430 4580 3.

242 4605 570 4772 {rostiicnhrterntffiilgorpua
591 4607 663 4668 iuris
685 4607 818 4668 canonici
841 4608 900 4670 vol.
923 4607 947 4687 1,
964 4625 993 4683 p.
1011 4607 1083 4668 952.
1105 4605 1190 4667 Jeme:
1214 4605 1344 4683 segesta·
1358 4625 1431 4666 rom.
