3548 5282
1404 321 1465 384 ttl

226 535 304 592 nom,
327 519 433 578 ensuite
453 533 536 590 parce
557 519 665 589 qu’alle
692 521 767 576 avait
782 521 826 576 ete
847 519 956 576 funeste
977 535 1032 576 aux
1057 520 1183 577 croises¹‘.
1204 519 1335 578 Michand
1355 537 1400 592 op.
1423 522 1468 578 cit

225 607 247 678 1,
265 611 310 664 lo.
385 607 536 663 'Nominis
561 606 647 662 forma
669 606 803 662 iudicarat
827 605 929 662 fluvum
952 605 1086 676 Mergum,
1110 605 1265 676 Murenam
1289 623 1383 662 rerum
1407 608 1469 664 sub·

225 693 433 765 intelligendum
460 708 522 750 esse
549 693 648 748 Savum
676 709 691 748 e
719 692 856 764 subsequa
889 693 1070 762 desciptrione
1096 701 1124 748 et
1151 693 1241 749 verbis
1268 695 1313 750 W.
1341 695 1470 766 Tyreusis

226 783 264 852 (v.
281 781 343 838 inlr.
362 787 429 836 nota
449 781 493 852 15)
512 780 607 838 elucet
633 779 685 836 Est
706 781 798 848 itaque
823 795 885 835 eror
903 781 960 837 sive
978 779 1097 836 auctoris
1116 781 1172 836 aive
1191 780 1307 837 scribae.
1367 781 1387 812 ¹·
1401 781 1470 836 Wil-

225 869 303 926 lermi
326 867 456 940 Tyreusis
480 867 611 924 historiae
635 867 682 923 lib.
709 868 730 935 l,
756 883 771 922 c
806 869 839 922 18
864 867 919 936 (ed.
944 867 1094 936 Bongara)=
1123 867 1189 936 „Ille
1213 883 1277 924 vero
1302 869 1331 938 (i
1356 883 1378 923 e.
1404 867 1470 924 Gal·

225 961 302 1011 terna
324 959 501 1024 cognomento
525 955 674 1024 Sensaner)
691 970 774 1024 regno
796 955 856 1010 eius
878 955 962 1026 (regis
980 953 1150 1024 calemanni)
1169 970 1230 1009 cnm
1247 955 1320 1010 omnl
1338 953 1469 1024 tranquil-

224 1043 303 1098 litate
320 1047 477 1099 transcurso
495 1056 581 1110 usque
599 1041 635 1096 ad
658 1041 772 1096 fluuium
789 1040 894 1108 Meroe,
913 1042 960 1110 qui
978 1041 1099 1104 eiusdem
1116 1042 1194 1111 regui
1211 1041 1289 1097 limes
1307 1044 1344 1097 ab
1362 1041 1469 1097 oriente

226 1130 377 1188 dinoscitur
394 1143 464 1198 asae,
487 1129 615 1198 peruenit
636 1128 788 1183 incolumis.
814 1129 874 1196 Quo
892 1128 1007 1185 transito
1031 1126 1210 1197 bulgarorum
1233 1127 1302 1185 fines
1326 1143 1387 1184 cum
1405 1128 1463 1185 suia

224 1217 377 1287 legionibus
401 1216 506 1286 attigit,
530 1215 565 1270 ad
589 1216 677 1272 locum
703 1215 874 1284 peruenieus,
899 1216 945 1285 qui
970 1215 1070 1270 dicitur
1095 1214 1268 1284 Bellegrauia
1304 1215 1346 1271 Eo
1376 1221 1468 1272 tamen

224 1307 367 1374 ignorante
391 1301 605 1360 transeundem
636 1299 749 1356 fluuium
772 1303 800 1356 in
824 1300 894 1372 loco,
918 1301 963 1357 cui
988 1317 1087 1357 nomen
1105 1301 1256 1370 Malauilla,
1282 1301 1316 1357 de
1334 1301 1465 1358 comitatu

225 1391 284 1447 eius
309 1389 418 1459 quidam
441 1395 636 1458 remanserant,
663 1393 694 1444 ut
718 1389 792 1445 cibos
816 1395 938 1443 emerent
962 1393 990 1442 et
1014 1387 1049 1443 ad
1074 1389 1127 1444 iter
1151 1389 1308 1458 colligerent
1333 1387 1466 1457 quaedam

224 1477 392 1545 necessaria3
423 1492 491 1546 quos
515 1475 639 1546 Hungari
662 1475 933 1545 comprehendentes,
961 1475 1078 1531 nudatos
1102 1480 1131 1532 et
1157 1475 1270 1532 affectos
1297 1475 1467 1545 uerberibus,

224 1563 325 1619 ablatis
348 1563 473 1620 omnibns
497 1564 661 1619 remiserunt
678 1561 714 1617 ad
731 1577 803 1617 suas.
877 1565 896 1596 ¹¹
913 1561 931 1617 i.
951 1577 974 1617 a.
993 1561 1050 1630 Nil,
1069 1561 1131 1632 Nic,
1150 1561 1240 1632 Nisus,
1266 1569 1389 1618 ueterum
1407 1561 1465 1618 Na·

225 1651 291 1706 isus.
366 1651 387 1684 ¹²
412 1649 493 1706 etiam
511 1649 660 1718 Hesternit,
685 1648 819 1718 Stralicia,
848 1655 969 1704 ueterum
999 1649 1119 1717 Serdica,
1150 1647 1222 1717 bulg.
1249 1648 1357 1718 Sredec‚
1384 1649 1467 1706 Solia.

227 1737 249 1771 ¹⁸
267 1737 284 1791 i.
304 1751 327 1792 e.
347 1736 555 1806 Philippopolis,
581 1736 653 1805 bulg.
680 1735 800 1792 Plovdiv.
874 1738 894 1769 ¹¹
914 1735 1065 1803 Pincenati,
1084 1735 1257 1805 Patziuacae‚
1283 1737 1329 1805 qui
1347 1741 1467 1792 ueterem

224 1821 336 1878 Daciam
356 1821 539 1894 (valachiam)
559 1827 587 1876 et
603 1821 742 1877 dexteram
761 1821 881 1876 Danubii
899 1821 985 1890 ripam
1004 1821 1203 1878 inhabitabant.
1258 1821 1279 1853 ¹⁵
1296 1822 1341 1879 W.
1360 1823 1466 1894 Tyren·

224 1909 263 1964 eis
280 1908 326 1964 lib.
345 1907 380 1964 11.
399 1925 422 1964 c.
440 1910 471 1964 S:
499 1909 636 1978 „Tandem
661 1923 727 1964 uero
746 1906 782 1962 ad
809 1906 988 1964 Malleuillam
1006 1944 1014 1961 .
1033 1948 1040 1962 .
1059 1909 1262 1977 perueniantes,
1287 1907 1315 1962 in
1333 1908 1396 1977 ripa
1413 1907 1465 1962 flu-

222 1995 305 2052 minis
331 1995 430 2066 Sauoa,
458 2010 598 2064 quousque
625 1995 756 2050 exercitui
783 1994 916 2050 transitus
942 1999 1093 2064 pararetur,
1119 1994 1379 2051 consederunt...
1399 1994 1461 2048 Dux

225 2097 291 2138 uero
308 2082 438 2138 traiectas
464 2087 574 2138 secutus
604 2081 792 2151 expeditiones
809 2082 839 2137 in
864 2080 1020 2136 ulteriorem
1038 2083 1125 2151 ripam
1150 2097 1211 2136 cum
1228 2081 1338 2138 residuo
1365 2081 1466 2152 princi·

225 2185 290 2239 pum
309 2175 336 2224 at
353 2169 447 2239 populi
465 2184 495 2226 se
514 2169 629 2225 contulit
646 2174 850 2238 consequenter,
870 2169 1036 2236 ueniensque
1049 2167 1084 2222 ad
1096 2167 1294 2239 Ballagrauam,
1321 2169 1465 2239 Bulgariae

213 2255 353 2326 'oppidum
372 2297 378 2309 .
398 2297 405 2310 .
423 2255 461 2310 ibi
480 2263 572 2311 castra
595 2261 713 2312 metatus
736 2263 786 2313 est.
812 2255 879 2310 Inde
903 2255 1057 2324 compositis
1076 2255 1188 2310 sarcinis
1207 2261 1234 2310 et
1258 2255 1411 2324 legionibus
1430 2255 1464 2310 ad

224 2344 275 2398 iter
293 2341 428 2412 expeditis
445 2341 589 2411 Balgatiae
608 2343 699 2412 syluaa
724 2347 752 2398 et
768 2342 823 2398 late
841 2341 966 2412 patentia
985 2357 1095 2398 nemora
1121 2347 1320 2413 transcurrens,
1347 2341 1464 2412 primum

224 2429 286 2498 Niz,
304 2428 400 2484 deiude
419 2427 574 2486 straliciam
592 2428 746 2498 peruenit‘t

782 2723 911 2797 230.

226 2878 425 2945 Relationem
442 2881 525 2944 inter
543 2877 722 2944 caroenum
738 2885 766 2945 et
782 2878 995 2966 Heenpere'om,
1010 2878 1095 2965 queis
1109 2879 1249 2943 ieetimior
1263 2899 1361 2946 reeens
1370 2899 1467 2964 proe-

368 2983 555 3068 paraboter,
578 2985 742 3049 memoriae
762 2985 883 3070 poesim
904 2986 1037 3050 seriores
1058 2983 1317 3069 obscurioresque.

834 3180 860 3239 l.

224 3311 326 3378 Iaera
351 3331 413 3398 pro
444 3312 590 3399 antiquae
613 3309 794 3378 Pannoniae
822 3312 995 3397 superioria
1024 3319 1116 3398 perte
1144 3313 1233 3379 intro
1263 3309 1408 3377 Dreeem
1438 3320 1466 3378 et

783 3415 909 3482 Sonam.

714 3535 870 3605 (Sublestae
889 3535 973 3607 fidei).

267 3637 352 3705 Satis
375 3639 532 3725 indagavi,
557 3642 716 3724 quaesivi:
748 3643 874 3726 quando
904 3648 938 3709 et
967 3641 1105 3725 qualiter
1134 3641 1214 3709 haec
1235 3660 1309 3726 pars
1337 3638 1466 3707 Sclave-

223 3741 296 3808 uiae
320 3742 448 3810 devenit
470 3745 512 3812 ad
536 3744 686 3813 croatiae
714 3765 807 3830 reges
841 3753 874 3812 et
897 3747 937 3813 ab
960 3745 1120 3829 Hungaris
1151 3764 1190 3813 ao
1211 3763 1310 3828 reguo
1335 3743 1466 3827 Hungu-

224 3845 292 3912 riae
315 3852 365 3914 est
386 3849 558 3916 ammissa?
588 3849 651 3918 Sed
682 3850 733 3916 hic
762 3869 839 3917 vere
868 3849 1013 3932 quadrat,
1046 3849 1132 3932 quod
1162 3850 1288 3932 scripsit
1313 3847 1465 3914 Albertus

221 3949 322 4017 abbas
346 3949 544 4020 Studensis¹z
574 3955 677 4032 ,Rara
692 3953 772 4020 fides
787 3955 859 4022 ideo
875 3959 935 4035 est,
959 3955 1034 4036 qnia
1049 3954 1139 4020 multi
1161 3953 1262 4019 multa
1283 3953 1465 4034 loquutur&

265 4053 320 4137 (A.
344 4056 594 4140 1030-1038.)
625 4059 709 4124 Dum
739 4066 883 4126 sanctum
913 4059 1095 4126 Pannoniae
1127 4057 1226 4124 totius
1257 4074 1366 4140 regem
1392 4073 1463 4120 cum

223 4159 364 4226 exercitu
386 4159 534 4241 petiisset
557 4159 743 4227 Ocunradus
765 4161 969 4244 imperatorl:
1004 4162 1153 4228 Oroatiae
1193 4181 1248 4228 rex
1272 4159 1461 4226 Oresimirus

223 4267 367 4328 sanctum
405 4263 601 4345 Stephanum
640 4264 778 4343 adiuvit,
814 4271 847 4332 ct
880 4291 936 4330 xm
969 4266 1032 4332 kal.
1065 4264 1262 4348 Septembris
1299 4263 1464 4330 victoriam

223 4366 412 4432 babuerunt.
444 4367 480 4432 ln
512 4368 558 4435 rei
585 4369 678 4435 huius
699 4370 995 4450 remunerationem,
1020 4371 1094 4436 dum
1117 4389 1198 4435 anno
1222 4391 1329 4434 nxxxr
1360 4365 1465 4435 Coun-

223 4468 328 4536 radus'
342 4489 412 4535 cum
436 4470 597 4554 Stephano
620 4491 678 4554 per
712 4473 961 4555 ambasiatores,
991 4474 1136 4539 Emerico
1160 4472 1339 4552 adiuvante,
1363 4471 1464 4554 pacis-

224 4573 401 4655 cerentur,⁸
422 4595 499 4658 pars
528 4577 609 4644 haec
639 4575 833 4658 Subuculae,
858 4595 939 4658 qnae
961 4577 1051 4660 regni
1074 4583 1143 4644 erat
1173 4577 1366 4660 Hungariae,
1390 4593 1464 4642 uam
