3604 5276
218 596 334 670 tamen,
357 589 410 672 qni
432 609 490 673 per
504 589 697 657 Pannoniam
713 589 907 672 superiorem
922 591 987 655 iter
1000 587 1127 674 lecerat,
1150 591 1183 655 in
1198 591 1334 657 transitu
1349 591 1446 660 Dravi

217 691 352 761 fluminis
375 714 414 762 ex
435 695 574 762 locorum
597 699 630 763 et
652 695 1046 776 aquarnm'insalubritaie
1069 695 1163 762 soluti
1186 698 1305 762 ventris
1328 699 1446 764 incom-

217 799 310 866 modo
338 801 477 882 graviter
507 799 648 867 adiectus
671 806 737 882 est,
774 797 807 866 e't
837 799 999 882 perseius
1024 818 1085 866 non
1108 801 1232 867 modica
1254 802 1314 868 boc
1335 803 1446 870 morbo

216 909 403 987 consumpta
424 909 482 971 est.
517 904 573 970 Hii
596 911 662 970 tres
685 906 841 972 exercitus
866 905 905 971 da
929 903 1065 971 saxonia
1087 909 1121 971 ei
1142 903 1289 972 orientali
1312 905 1448 973 Francia

215 1014 249 1075 et
268 1007 463 1088 Alaunaunicq
486 1007 632 1076 Baioaria
654 1029 778 1093 quoque
800 1016 896 1092 atque
911 1010 1003 1076 Italia
1022 1011 1203 1093 congregati
1218 1015 1301 1076 sunt.
1326 1010 1446 1089 Quibus

216 1113 344 1180 domum
364 1116 512 1196 reversis,
535 1113 755 1182 carniolenses
779 1116 833 1198 qui
855 1116 938 1181 circe
960 1113 1076 1180 Savum
1097 1113 1226 1180 flauum
1248 1114 1395 1182 habitant
1412 1122 1446 1184 at

214 1217 483 1286 Foroiuliensibus
505 1239 607 1302 paene
628 1219 767 1305 contigan
791 1219 894 1301 sunt,l
914 1219 1061 1287 Baldrico
1077 1238 1112 1286 se
1132 1219 1338 1303 dediderunt3
1360 1220 1444 1287 idem

215 1329 248 1390 et
270 1342 346 1406 pars
368 1323 626 1406 Oarantanorum‚
650 1343 732 1407 quae
754 1324 795 1392 ad
817 1324 983 1392 Lindewiti
998 1331 1104 1408 partes
1121 1344 1141 1392 a
1159 1325 1251 1394 nobis
1273 1323 1442 1408 deiecerat,

213 1427 319 1496 facere
342 1431 473 1498 curavit.

298 1553 439 1616 Einhardi
450 1558 572 1618 annales
579 1558 666 1618 Perta
674 1557 724 1620 SS.
737 1559 761 1630 Ι,
773 1559 952 1621 nos-207.
964 1557 1095 1619 Enbardl
1103 1556 1188 1620 Fnld.
1202 1556 1324 1618 annales
1336 1557 1359 1637 1,
1370 1559 1442 1620 357.

259 1689 409 1774 Sequenti
430 1711 506 1760 vero
529 1712 612 1760 anno
636 1695 727 1778 (820)
750 1697 921 1761 exercitum
944 1713 1033 1761 suurn
1056 1696 1142 1760 misit
1163 1695 1317 1762 adversus
1340 1695 1443 1762 orien-

215 1795 296 1863 tales
320 1796 457 1878 Sclauos
482 1815 615 1882 quorum
638 1799 701 1865 dux
723 1800 944 1865 nominabatur
966 1800 1082 1880 Liduic,
1106 1817 1199 1882 quem
1221 1801 1253 1865 in
1276 1799 1351 1884 fuga
1372 1818 1442 1867 ver·

213 1907 321 1968 terunt
350 1909 383 1968 ei
412 1908 529 1970 terram
562 1904 647 1969 illam
681 1909 893 1974 vastaverunt.
927 1905 1006 1973 Inde
1036 1905 1254 1988 regredientes
1287 1910 1443 1974 venerunt

214 2006 349 2073 domum.

297 2113 433 2192 Thegani
448 2115 511 2176 vita
525 2115 689 2176 illudowici
704 2117 772 2193 imp.
790 2135 815 2177 c.
834 2119 884 2178 27.
901 2117 987 2176 Perta
1003 2117 1041 2198 11,
1060 2117 1131 2177 596.

255 2213 296 2269 ¹i.
315 2229 338 2269 e.
356 2215 471 2283 antiqua
487 2215 532 2272 ria
549 2216 675 2286 Aquileia
697 2217 860 2280 demonem,
888 2214 950 2270 inde
975 2231 1037 2270 uero
1061 2215 1117 2270 sire
1142 2213 1308 2271 Praetorium
1332 2215 1442 2273 Latobi-

212 2317 304 2358 corum
321 2301 356 2358 ad
374 2302 486 2372 Sarum,
514 2303 570 2360 aire
587 2319 637 2374 per
656 2303 772 2358 doleiam
791 2302 825 2360 ad
843 2303 926 2358 Drari
944 2301 1093 2372 planitiem.
1120 2303 1179 2359 Hac
1197 2304 1242 2358 via
1260 2303 1443 2361 verisimiliter

211 2387 289 2444 duxit
312 2389 444 2460 Pippinus
467 2406 492 2445 a.
511 2393 560 2446 ⁷91
589 2390 737 2446 exereitum
755 2405 789 2445 ex
807 2390 888 2445 ltalia
907 2405 956 2460 par
981 2390 1148 2461 „illyricum
1167 2391 1195 2448 in
1213 2391 1389 2449 Pannoniam.
1408 2391 1441 2446 V.

211 2493 251 2534 nr.
272 2479 329 2546 171,
349 2481 372 2532 1.
391 2493 416 2547 p.
436 2479 497 2534 296.
570 2476 610 2534 ²i.
630 2493 653 2532 a.
673 2477 719 2546 qui
737 2477 808 2532 inter
827 2475 924 2533 Sarum
943 2484 971 2532 ct
988 2477 1111 2536 Sentium
1129 2477 1219 2547 (Sota)
1238 2477 1371 2534 habitant.

252 2600 345 2666 Anao
376 2600 449 2666 821.
484 2599 666 2668 Conventus
699 2619 807 2668 mense
879 2601 950 2668 Hoc
983 2619 1065 2668 anno
1101 2602 1236 2669 domnus
1268 2602 1441 2684 imperator

211 2705 304 2773 Febr.
327 2703 425 2788 Aquis
441 2705 578 2790 habitus,
601 2712 633 2773 et
655 2705 687 2772 in
710 2723 748 2774 eo
771 2707 811 2776 de
841 2705 1071 2792 (lssndowicus)
1116 2706 1249 2773 hiberna
1294 2713 1440 2790 tempora

211 2813 294 2879 bello
317 2810 519 2878 Lindewitico
550 2816 739 2896 tractatum,
773 2831 811 2879 ac
840 2811 1030 2897 aquisgrani
1046 2811 1176 2894 peregit.
1196 2811 1233 2876 In
1248 2813 1358 2877 cadem
1374 2813 1440 2878 hie·

210 2923 277 2985 tres
301 2917 459 2984 exercitus
482 2916 617 2984 ordinati
635 2917 689 2998 qui
701 2916 811 2984 iutnra
841 2935 891 2982 me
925 2935 1035 2984 mense
1065 2917 1240 2982 Februario
1270 2923 1440 2985 convenius
1538 2935 1543 2946 ·

209 3027 330 3093 aestate
340 3019 532 3103 perfidorum
543 3039 637 3104 agros
652 3040 709 3104 per
722 3023 809 3088 vices
841 3027 891 3088 est
901 3021 1001 3104 Aquis
1017 3022 1203 3100 celebratus,
1221 3031 1253 3087 et
1268 3027 1333 3088 tres
1349 3025 1440 3089 cunei

210 3131 382 3193 vastarent.
840 3125 879 3191 ad
914 3126 1099 3192 vasmndam
1128 3125 1288 3192 Liudeviti
1320 3131 1439 3192 terram

252 3231 378 3298 intereo
400 3229 523 3310 Bonna,
548 3229 611 3297 dun
633 3230 811 3298 Dalmatiae
841 3231 1025 3318 directi...
1062 3229 1098 3294 ln
1129 3230 1241 3296 ecdem
1271 3248 1352 3296 anno
1383 3229 1439 3296 lra-

209 3341 305 3418 atque
334 3335 523 3420 Liburniae,
552 3334 719 3404 defunctus
747 3343 807 3416 est,
839 3336 941 3403 lendis
964 3335 1040 3402 ldaii
1063 3341 1249 3402 conventum
1268 3336 1441 3420 imperator

208 3445 241 3508 et
263 3446 390 3522 petente
412 3440 530 3522 populo
553 3445 648 3521 atque
671 3441 805 3522 impera·
836 3439 1088 3506 habuitalterum
1100 3439 1320 3523 Noviomagi..
1343 3447 1439 3522 atque

207 3551 278 3614 tore
292 3542 506 3630 (illudowico)
523 3545 738 3612 consentiente
754 3564 808 3612 ne·
838 3545 912 3611 inde
933 3544 1121 3626 digrediens,
1145 3543 1333 3626 Aquisgrani
1348 3563 1439 3628 rene-

206 3667 264 3734 pos
285 3649 387 3728 illim,
418 3648 806 3729 nomine,Ladasclarus‚¹
836 3649 895 3728 tiit.
920 3655 954 3714 et
976 3647 1050 3714 inde
1071 3667 1128 3730 per
1142 3645 1323 3714 Arduenam
1339 3667 1439 3731 usqne

207 3771 372 3822 successor
392 3753 422 3820 ei
444 3754 636 3820 constitutus
659 3759 717 3822 est.
836 3754 876 3820 ad
900 3751 1057 3819 Rumorici
1091 3751 1206 3818 montis
1232 3751 1439 3828 altitudinem,

142 3854 152 3864 '
243 3858 437 3926 Fortunatus
445 3857 814 3942 patriarchaGrndensis,
838 3857 1022 3940 Vosagique
1039 3855 1224 3922 latissimam
1247 3857 1437 3937 vastitatem,

206 3981 277 4030 curn
308 3982 327 4028 a
360 3962 496 4044 quodam
530 3964 704 4044 presbitero
739 3981 805 4042 suo,
836 3969 939 4031 toturn
971 3961 1055 4044 quod
1086 3959 1243 4044 superfuit
1272 3961 1385 4028 aestivi
1407 3967 1440 4030 et

206 4068 332 4135 nomine
340 4067 477 4154 Tiberio,
490 4068 574 4152 apud
584 4067 806 4149 imperatorem
838 4068 978 4133 antumni
999 4065 1161 4132 dimidium
1183 4067 1335 4150 temporis
1350 4071 1437 4133 tran-

205 4173 318 4240 inisset
340 4178 520 4257 accusatus,
545 4171 631 4253 quod
652 4172 805 4240 Lindewi·
836 4173 927 4255 aegit.
951 4172 1039 4236 Inter
1061 4171 1142 4235 haec
1162 4168 1269 4236 Borna
1292 4171 1359 4237 vita
1373 4170 1439 4254 pri·

206 4283 273 4345 turm
288 4277 328 4344 ad
346 4277 611 4360 perseverandum
625 4277 657 4341 in
672 4275 806 4360 perfidia
835 4281 923 4354 vato,
964 4291 1177 4340 successorem
1212 4274 1241 4340 ei
1276 4275 1440 4341 constituit

206 4401 268 4466 qua
291 4385 438 4464 coeperat
454 4379 646 4468 hortaretur,
672 4399 805 4464 eumque
834 4380 1007 4462 imperator
1029 4385 1175 4460 nepotem
1198 4393 1289 4457 suum
1312 4378 1437 4446 nomino

206 4488 248 4554 ad
260 4485 391 4552 matella
405 4503 463 4552 sua
476 4485 647 4552 munienda
667 4483 803 4552 artifices
833 4483 1036 4552 Ladascleo.³

205 4597 240 4658 et
260 4590 413 4658 murarios
435 4589 589 4658 mittendo
611 4591 743 4671 iuvaret,
772 4595 806 4658 et
920 4611 988 4672 vj„
996 4609 1161 4672 illudowici
1169 4607 1240 4686 imp.
1249 4609 1335 4670 aaa.
1348 4607 1436 4670 Pam

204 4696 246 4764 ob
267 4696 328 4766 hoc
342 4695 383 4765 ad
398 4695 550 4782 palatium
565 4697 612 4765 ire
626 4695 804 4766 iuberetur:
878 4699 917 4781 ΙΙ,
935 4698 1006 4762 625.
