3572 5276
291 373 355 459 ιοι

292 574 347 646 τήν
375 575 625 662 παραθαλασσίαν
656 573 810 660 πλησιάζει
842 587 903 648 τοῖς
933 583 992 644 eet.
1026 575 1075 643 Ab
1100 575 1235 644 Orontio
1259 575 1388 644 flumine
1418 577 1541 662 Pege·

292 679 461 767 Παγανοῖς,
495 679 564 766 πρὸς
598 669 630 741 δὲ
664 679 706 742 τοὶ
737 677 829 765 ὀρεινὰ
865 685 903 752 εἰς
933 679 1034 745 nie‘e
1057 681 1167 762 incipit
1190 685 1223 746 et
1245 681 1417 763 porrigitur
1440 699 1540 764 usque

295 783 401 870 ἄρκτον
424 782 485 846 ἀπὸ
507 774 540 846 δὲ
562 792 617 846 τοῦ
632 781 784 870 Ὀροντίοο
806 807 903 847 ποτα·
934 785 974 849 ed
990 785 1154 851 Zentinam
1179 783 1315 864 flumem
1339 791 1372 852 et
1386 785 1540 868 zupanias

296 900 352 978 μοῦ
385 887 509 976 ἄρχεται
541 892 561 960 ἡ
595 885 819 976 neemiae,
854 891 902 950 καὶ
933 895 1000 954 tres
1021 888 1139 954 habet:
1173 889 1393 955 Restotzam⁴⁷
1416 897 1450 956 et
1471 888 1539 954 Mo-

297 993 517 1080 παρεκτείνεται
554 992 638 1080 μέχρι
674 1001 730 1054 τοῢ
766 1001 905 1078 ποταμοῦ
936 993 1056 1062 erum⁴⁸
1087 1011 1124 1058 ao
1156 993 1310 1072 Delen⁴⁹;
1345 999 1379 1060 et
1411 992 1540 1076 quidem

295 1107 350 1171 τῆς
372 1095 518 1172 Ζεντίνας,
541 1108 614 1184 τρεῖς
628 1101 738 1183 ἔχουσα
756 1095 808 1184 μὲν
823 1100 901 1168 πλη·
932 1097 1014 1162 duae
1038 1099 1201 1178 repentae,
1231 1099 1386 1164 Rostotza
1408 1115 1446 1164 ee
1469 1096 1540 1162 Μο-

295 1201 386 1287 σιάζει
408 1213 469 1276 τοῖς
492 1199 681 1287 Χρωβατοις,
713 1206 750 1274 εἰς
772 1201 903 1288 κεφαλὴν
933 1220 1030 1286 crum,
1056 1203 1096 1266 ed
1120 1221 1208 1269 mere
1230 1202 1311 1269 sitae
1334 1206 1409 1268 sunt
1432 1207 1467 1266 et
1488 1219 1539 1267 so·-

296 1297 329 1369 λὲ
350 1315 391 1389 τῇ
412 1303 547 1391 Σερβλὶα.
571 1305 737 1390 ζουσανίας,
760 1305 816 1377 τὴν
831 1303 900 1368 Ῥά-
931 1326 1029 1390 genes
1051 1307 1178 1386 hahent,
1202 1307 1318 1373 Deleni
1342 1323 1417 1372 vero
1441 1324 1538 1388 eupa-

295 1409 467 1494 στιοτζαν47
489 1410 538 1472 καὶ
559 1408 597 1472 τὰ
616 1405 767 1496 Μακρὸνιε
788 1411 838 1473 καὶ
859 1409 896 1474 τὸ
926 1412 979 1476 nie
1002 1411 1111 1492 proeul
1134 1411 1215 1476 meri
1238 1410 1300 1476 sito
1322 1417 1382 1496 est,
1405 1415 1439 1476 et
1462 1411 1534 1476 eins

295 1513 435 1579 Δαλένίί.
466 1516 516 1576 καὶ
538 1517 568 1576 αἱ
590 1511 642 1602 μὲν
665 1504 716 1578 δύο
739 1515 899 1599 ζουσανίαι,
930 1516 1053 1582 incolae
1069 1535 1107 1580 ex
1122 1513 1318 1598 agricultura
1333 1515 1453 1582 vivunt.
1471 1513 1537 1580 He·

295 1618 385 1704 ἤγοον
406 1621 426 1688 ἡ
448 1615 636 1704 Ῥάστοτζα,
658 1621 709 1681 καὶ
728 1622 747 1690 ἡ
763 1628 817 1681 τοῦ
833 1616 899 1682 Μο-
928 1619 1006 1686 bene
1029 1637 1155 1702 quoque
1169 1618 1289 1702 Pagani
1304 1621 1336 1683 in
1353 1619 1539 1700 propinquo

295 1731 372 1810 κροῦ,
393 1721 577 1809 πρόσκεινται
595 1731 635 1807 τῇ
651 1721 803 1807 θαλάσσῃ·
827 1724 902 1786 αἴτι-
933 1724 1054 1790 insulas
1086 1729 1236 1806 quatuor:
1269 1721 1431 1810 Melanip,
1456 1721 1541 1789 Gur-

296 1849 340 1899 νες
369 1829 419 1889 καὶ
447 1825 576 1913 σαγήνας
605 1831 728 1913 ἔχουσιν·
751 1831 771 1897 ἠ
794 1818 827 1890 δὲ
849 1837 904 1890 τοῦ
934 1847 1058 1908 euram,
1101 1827 1252 1894 Bartzum
1288 1833 1320 1893 et
1357 1825 1541 1911 Pharum⁶⁰,

297 1930 428 1994 Δαλινοῦ
440 1929 574 2016 pertusi
589 1931 652 1994 ἐστὶ
668 1939 723 2004 τῆς
738 1929 903 2008 θαλάσσης,
934 1950 1044 1998 omnes
1069 1931 1296 2014 pulcherrimae
1310 1929 1537 1996 fertilissimas·

297 2035 347 2097 καὶ
369 2034 402 2098 ὲκ
424 2043 479 2108 τῆς
510 2034 642 2121 ἐργασίας
672 2035 742 2120 ζῶσι
763 2044 817 2108 τῆς
839 2045 902 2124 γῆς·
933 2055 1012 2119 que;
1036 2035 1155 2117 oppida
1176 2037 1253 2101 item
1277 2036 1405 2101 deserta
1427 2041 1460 2100 et
1483 2054 1539 2118 pa·

299 2137 490 2222 πλησιάζουσι
512 2129 546 2201 δὲ
568 2141 667 2210 αὐτοῖς
699 2147 779 2208 νῆσοι
801 2137 905 2202 τίσσα-
937 2138 1027 2204 ludes
1050 2139 1175 2222 multae,
1200 2138 1370 2222 inquibus
1392 2137 1539 2205 habitant

297 2263 351 2328 ρος,
372 2239 415 2314 Ιτοὶ
438 2237 575 2314 Μέλιτα,
598 2239 639 2305 τὰ
667 2239 851 2330 Κοὺριιουρα,
884 2245 904 2312 ἠ
934 2248 968 2308 et
989 2244 1130 2310 iumento
1163 2241 1268 2321 alunt,
1304 2242 1390 2308 unde
1419 2241 1536 2310 vietum

299 2341 457 2432 Βοίρτζιο50
484 2347 535 2406 καὶ
558 2347 574 2407 ὁ
597 2343 696 2431 Φάρος
703 2395 713 2430 ‚
747 2342 906 2407 κάλλισται
935 2352 1059 2428 parent.
1091 2344 1119 2410 Α
1142 2343 1276 2412 Zentino
1305 2351 1412 2411 autern
1442 2343 1538 2412 fluvio

299 2451 349 2510 καὶ
371 2446 584 2535 εὐρορώταται,
601 2448 805 2535 ἐρημὸκαστρα
821 2453 906 2534 ἔχου·
937 2447 1111 2516 Chrobatie
1133 2449 1260 2532 incipit,
1295 2449 1539 2531 extenditurque

299 2575 349 2615 σαι
371 2553 420 2615 καὶ
442 2555 551 2625 ἑλῶνας
579 2550 714 2626 πολλούς·
743 2559 849 2615 οἰκοῦσι
871 2544 904 2615 δὲ
934 2572 1045 2618 versus
1061 2572 1148 2620 mere
1164 2553 1203 2618 ed
1219 2552 1334 2620 Istriae
1348 2570 1449 2635 usque
1465 2570 1538 2618 con-

300 2657 329 2718 ὲν
345 2659 447 2730 αὐταῖς
461 2657 511 2719 καὶ
526 2661 626 2744 ἔχουσι
640 2657 682 2719 τὰ
697 2656 791 2728 erim
807 2660 905 2719 αὐτῶν
935 2657 1011 2722 tinia
1026 2657 1093 2723 sive
1110 2656 1300 2722 ΑίίιιιιιιιιιιΜ
1318 2657 1446 2737 urbem3
1470 2677 1540 2722 ver-

300 2763 349 2824 καὶ
364 2761 396 2844 ἐξ
408 2763 506 2823 αὐτῶν
522 2761 615 2845 ζῶσιν.
640 2761 701 2824 ἀπὸ
717 2752 749 2823 δὲ
765 2770 820 2834 τῆς
836 2759 906 2844 Ζεν-
937 2781 991 2827 sus
1026 2767 1177 2830 montana
1210 2763 1411 2842 aliquatenus
1445 2763 1541 2829 etiam

300 2866 380 2938 τίνας
393 2875 448 2928 τοῦ
467 2875 607 2952 ποταμοῦ
623 2863 780 2952 ἄρχεταιή
802 2864 907 2953 χώρα
938 2885 1034 2948 supro
1057 2865 1170 2932 Istriae
1194 2865 1301 2933 theme
1323 2867 1470 2950 excurrit,
1505 2883 1544 2930 ao

300 2981 368 3044 τῆς
391 2967 626 3057 Χροβατίας,
649 2972 698 3032 καί
722 2970 906 3056 παρεκτείνε-
935 2989 1048 3038 versus
1065 2971 1221 3037 rzentina
1235 2976 1270 3036 et
1285 2969 1449 3036 Ohlebeno
1468 2969 1543 3036 Ser·

301 3099 352 3138 ται
383 3074 451 3161 πρὸς
483 3073 535 3162 μὲν
568 3073 624 3144 τὴν
658 3074 907 3161 παραθαλασσίαν
939 3073 1021 3140 bliee
1045 3075 1207 3156 regionem
1223 3075 1360 3156 attingit.
1382 3073 1544 3140 Serblie

302 3179 386 3266 μέχρι
418 3187 479 3241 τῶν
513 3179 635 3265 συνόρων
669 3175 786 3259 Ἰστρίας
813 3169 908 3264 ιἤγουν
939 3184 1045 3244 autern
1079 3178 1111 3242 in
1145 3179 1250 3245 fronte
1283 3177 1382 3244 hebet
1418 3183 1544 3246 ceierae

301 3293 356 3346 τοο
377 3281 505 3369 κάστροιι
521 3281 721 3364 ἈλβσιίνοσΜ
737 3269 805 3369 πρὸς
821 3272 910 3344 δὲτὰ
940 3300 1049 3348 omnes
1062 3283 1224 3365 regionem
1241 3283 1282 3349 ad
1294 3281 1544 3365 septentrionem

303 3385 395 3473 ὀρεινὰ
417 3387 467 3448 καὶ
489 3384 654 3473 ὑπέρκειται
675 3385 758 3472 μέχρι
773 3386 849 3460 τινος
865 3395 910 3466 τῷ
940 3387 1066 3467 quidem
1084 3385 1276 3454 Chrobetioe
1291 3386 1469 3468 propinqua
1484 3391 1544 3464 est,

303 3490 415 3577 θέματι
445 3488 572 3577 Ἰστρίας,
603 3488 757 3574 πλησιάζει
787 3480 820 3554 δὲ
842 3490 910 3576 πρὸς
940 3490 980 3556 ad
1003 3492 1167 3558 meridiem
1190 3510 1265 3558 vero
1287 3489 1470 3572 Burgenae.

302 3594 358 3664 τήν
381 3591 523 3678 Τζέντινα
550 3595 601 3656 καὶ
630 3594 685 3664 τὴν
712 3592 847 3674 Χλέβενα
868 3604 909 3678 τῇ

302 3698 408 3784 rere
445 3695 642 3784 Σειίλίαι·
681 3703 700 3769 e
734 3697 789 3784 rie
825 3697 909 3785 ιώια

303 3799 442 3888 Σερβλίας
459 3806 497 3876 εἰς
512 3802 643 3888 κεφαλὴν
662 3801 714 3888 μὲν
730 3803 793 3865 ἐστι
807 3811 909 3864 πασῶν

303 3916 365 3970 τῶν
386 3909 496 3969 λοιπῶν
517 3915 630 3992 χωρῶν,
654 3905 722 3992 πρὸς
745 3903 852 3992 ἄρκτον
876 3896 909 3968 δὲ

303 4008 457 4094 πλησιάζει
472 4020 512 4094 τῇ
526 4008 696 4097 Χροιβατίορ,
713 4010 782 4096 πρὸς
797 4032 910 4096 μεσομ-

304 4115 382 4201 βρίαν
404 4103 438 4178 δὲ
459 4124 499 4199 τῇ
522 4113 699 4202 Βουλγαρίορ.

390 4257 465 4318 Ibid.
485 4277 511 4318 e.
529 4261 578 4336 30,
597 4276 625 4334 p.
645 4259 771 4318 145-e
790 4258 838 4320 ed.
854 4259 949 4318 Bonn.

348 4424 424 4488 ’Ότι
457 4428 487 4489 ἐν
516 4437 556 4512 τῇ
579 4427 761 4516 βαπτισμένρ
785 4426 911 4514 Σερβλία
985 4429 1066 4494 Sunt
1089 4447 1164 4493 vero
1187 4429 1221 4493 in
1243 4428 1405 4510 baptizata
1423 4426 1548 4495 Serblia

306 4531 358 4593 εἰσὶ
391 4528 506 4617 κάστρα
535 4531 689 4618 οίκούρσνα
717 4533 755 4595 τὸ
784 4531 913 4595 Δεστινί-
943 4533 1060 4614 oppida
1083 4551 1165 4614 quoe
1187 4532 1384 4598 habitentur:
1408 4531 1548 4598 Destini·

307 4634 400 4712 κον·”’,
424 4635 461 4700 τὸ
480 4633 761 4726 Τζερναβοισκεήῧί,
785 4636 823 4699 τὸ
846 4634 910 4700 ίίίε-
941 4636 1054 4721 cunm,
1087 4635 1370 4721 Tzernebusoee³⁸‚
1401 4635 1548 4719 Megyre·
