3604 5276
368 377 429 444 822

361 589 473 671 gentes
503 583 545 650 ad
572 581 692 648 bellum
716 581 886 651 sollicitare
908 599 960 649 cu·
990 583 1110 651 sionem
1138 602 1216 650 sene
1245 585 1402 653 exercitus
1426 605 1447 652 a
1468 586 1594 654 Panno·

360 681 451 756 ravit.
483 687 736 755 Timocianorum
760 705 884 771 quoque
906 705 963 770 po·
993 688 1064 755 niae
1078 687 1203 768 finibus,
1227 689 1393 758 Liudevito
1410 691 1441 756 in
1458 690 1595 774 perfidia

357 795 483 878 pulum,
514 793 568 876 qui
599 794 728 859 dimissa
750 793 959 874 Bulgarorum
992 811 1050 858 sua
1078 801 1300 876 permanente,
1338 793 1499 862 Cadolecb
1530 797 1594 862 dux

357 899 510 966 societate
537 898 579 965 ad
606 901 828 979 imperatorem
851 899 958 964 uenire
988 897 1213 964 Foroiuliensis
1235 898 1266 964 in
1289 899 1408 966 febrem
1431 899 1543 966 incidit
1557 908 1590 966 et

359 1021 396 1070 ec
418 1003 532 1070 dicioni
554 1003 622 1071 eius
645 1021 679 1069 se
702 1002 885 1085 permittere
906 1019 962 1084 ge·
993 1002 1076 1068 diem
1106 1002 1251 1068 ultimum
1282 1005 1412 1085 clausit,
1448 1011 1486 1070 ec
1518 1004 1593 1072 Bul-

360 1108 485 1188 stiebat,
507 1127 548 1173 ne
563 1107 624 1174 hoc
638 1105 787 1184 efficeret,
802 1106 848 1171 its
863 1105 959 1172 inter·
991 1105 1095 1172 dmcus
1130 1107 1197 1174 eius
1227 1108 1299 1175 loco
1332 1110 1493 1188 successit.
1531 1108 1594 1186 Qui

359 1213 443 1295 cepit
465 1230 503 1277 ac
524 1209 612 1278 falsis
633 1210 891 1294 persuasionibus
911 1211 959 1275 in·
989 1229 1059 1275 cum
1090 1212 1227 1293 primum
1255 1214 1287 1278 in
1316 1213 1506 1296 provintiam
1537 1231 1591 1281 ve-

357 1316 448 1402 lexit,
480 1321 531 1402 ut,
563 1317 711 1382 ammisso
740 1315 824 1397 quod
853 1313 957 1381 iacere
988 1316 1096 1396 nisset,
1113 1321 1146 1384 et
1161 1315 1357 1384 carantanas
1369 1319 1591 1402 ingrederetur

360 1421 538 1505 cogitabat,
566 1419 718 1502 perfidiae
747 1419 832 1485 illius
854 1419 958 1485 socius
988 1425 1118 1502 partes,
1161 1422 1267 1503 copias
1308 1421 1465 1489 Liudeviti
1503 1425 1592 1489 iuxta

359 1533 392 1592 et
404 1525 529 1592 adiutor
538 1521 875 1592 existeret.²Exercitu
883 1541 959 1589 vero
989 1523 1129 1590 Dravum
1145 1523 1272 1591 fluvium
1293 1545 1362 1592 cum
1386 1527 1495 1610 paucis
1518 1546 1591 1593 suo-

359 1629 400 1697 de
429 1631 594 1696 Pannonia
626 1647 770 1708 reverso,
805 1625 957 1712 Cedolah,
987 1645 1056 1693 rum
1072 1627 1163 1706 ludit,
1183 1636 1216 1695 et
1235 1630 1374 1713 reliquos
1389 1632 1590 1713 proturbans,

360 1735 423 1799 dnn
437 1733 671 1812 Foroiuliense,
691 1732 780 1800 febre
796 1739 960 1814 correptus
990 1751 1098 1800 omnes
1121 1733 1187 1800 suis
1209 1733 1324 1800 finibus
1346 1736 1494 1804 secedere
1517 1753 1591 1802 con-

357 1839 390 1902 in
411 1839 482 1919 ipsa
504 1855 611 1904 marca
632 1837 781 1904 decessit.
806 1835 863 1903 Oui
887 1855 958 1902 cum
987 1837 1077 1919 pulit.
1100 1837 1244 1921 Fugatus
1266 1857 1286 1906 a
1307 1839 1454 1906 Baldrico
1474 1839 1590 1906 Liude·

356 1941 522 2008 Baldricus
546 1947 632 2008 esset
654 1942 854 2024 subrogatus,
878 1946 912 2008 et
925 1942 958 2005 in
989 1941 1081 2022 vitus,
1104 1941 1230 2009 Bornee
1254 1945 1391 2010 occurrit
1411 1943 1590 2010 Dalmatiae
1716 2003 1719 2010 ,

356 2044 606 2114 Garantanorum
646 2047 827 2129 regionem,
873 2063 954 2128 quae
984 2044 1056 2111 duci
1079 2046 1120 2112 ad
1142 2045 1304 2130 calapium
1332 2047 1460 2113 fluvium
1484 2047 1587 2114 consi·

357 2150 625 2234 adipsiuscnram
637 2149 825 2232 pertinebat,
842 2148 955 2216 fuisset
986 2149 1091 2216 stenti.
1117 2149 1181 2217 Sed
1195 2149 1309 2236 Borne,
1328 2151 1588 2218 Goduscanorum

355 2255 527 2340 ingressus,
551 2255 676 2321 obvium
699 2255 743 2321 ibi
758 2253 869 2321 habuit
882 2253 957 2320 Liu-
987 2253 1121 2337 perfidia
1153 2274 1194 2320 an
1223 2255 1336 2322 timore
1367 2256 1510 2323 desertus
1540 2257 1588 2321 in-

357 2359 462 2425 dewiti
498 2359 691 2442 exercitum,
737 2377 829 2440 quem
873 2359 960 2424 iuxta
988 2365 1119 2437 certum,
1144 2377 1272 2424 suorum
1295 2366 1401 2428 tamen
1422 2361 1508 2427 intus
1532 2379 1587 2426 eu-

357 2461 959 2546 Drarumiluviumitersgentemparva
987 2462 1061 2528 xilio
1092 2463 1265 2531 domestico
1296 2464 1465 2530 discrimen
1487 2465 1588 2530 immi-

356 2585 451 2634 msnu
476 2566 662 2650 adgressus,
696 2566 838 2651 pluribus
861 2569 958 2634 inter·
988 2586 1068 2634 nens
1092 2574 1179 2635 tutus
1202 2567 1317 2648 evasit,
1346 2568 1405 2634 sed
1427 2577 1459 2635 et
1482 2568 1590 2636 deser-

355 2670 464 2753 lsctis,
494 2678 528 2739 et
549 2675 665 2738 avertit
686 2678 720 2738 et
743 2673 782 2739 de
803 2671 859 2739 illa
880 2692 953 2755 pro·
982 2679 1069 2739 tores
1085 2691 1159 2738 suos
1175 2679 1286 2756 postea
1300 2673 1435 2757 subegit.
1457 2673 1587 2739 Interea

354 2777 457 2843 vincia
479 2776 609 2862 fugavit.
631 2777 754 2844 Borna⁸
775 2796 866 2857 vero,
892 2778 956 2843 dux
986 2777 1170 2843 liudevitus
1185 2777 1330 2859 sequenti
1346 2777 1586 2845 biemeDalms-

355 2881 547 2964 Dalmatiae,
572 2901 642 2949 cum
663 2883 785 2965 magnis
801 2883 898 2966 copiis
914 2882 954 2947 ad
983 2883 1060 2948 ticm
1068 2883 1180 2948 iterum
1188 2881 1359 2966 ingressus,
1369 2889 1587 2966 cunctapopu-

356 2985 539 3071 Colapium‘
566 2983 693 3053 fluvium
716 2986 891 3054 liudewito
914 2988 956 3053 ad
984 2986 1044 3052 lari
1072 2987 1197 3067 nititur,
1226 2985 1311 3054 ferro
1340 3005 1420 3068 quae
1449 2989 1588 3054 animata

355 3111 390 3160 se
412 3091 550 3160 venienti
580 3109 766 3174 occurrens,
798 3095 830 3158 in
853 3095 954 3177 prima
984 3099 1076 3162 erant
1084 3094 1249 3178 perimens,
1259 3094 1512 3159 inanimatevero
1520 3092 1587 3176 igni

354 3197 578 3280 congressione
599 3217 619 3264 a
641 3197 838 3265 Guduscauis
864 3199 953 3266 desc·
984 3198 1181 3268 contradens.
1194 3196 1291 3265 Cuius
1299 3199 1329 3263 vi
1338 3215 1407 3264 cum
1416 3197 1521 3266 Borna
1530 3199 1586 3264 ab·

354 3302 451 3384 ritur;
474 3302 589 3370 auxilio
612 3309 718 3370 tamen
740 3307 955 3387 praetoriano·
987 3305 1072 3371 viare
1087 3306 1240 3388 nequiret,
1264 3303 1434 3370 asturiam
1453 3305 1587 3372 nocendi

354 3422 423 3474 rum
469 3427 597 3477 suornm
634 3413 796 3492 protectus
841 3411 952 3476 evasit.
983 3411 1145 3493 quaesivit.
1169 3410 1281 3493 Neque
1297 3411 1380 3476 enim
1396 3417 1539 3492 apertum
1556 3409 1587 3477 ei

354 3513 454 3581 Periit
474 3514 507 3580 in
525 3530 564 3580 eo
587 3515 706 3597 proelio
722 3514 954 3596 Drsgemosus⁴
985 3515 1227 3595 bellumindixit,
1240 3513 1588 3599 sedinprovisisinrupss

278 3675 281 3684 .
354 3638 444 3688 socer
472 3618 655 3705 Liudeuiti,
687 3621 739 3701 qui
769 3619 801 3684 in
824 3620 951 3687 exordio
981 3618 1118 3687 tionibus
1131 3621 1210 3688 adeo
1223 3620 1400 3687 etillumet
1414 3623 1586 3687 exercitum

354 3723 550 3806 delectionis,
563 3723 809 3806 relictogenero,
823 3725 949 3791 Bornae
982 3726 1048 3792 eius
1058 3726 1210 3808 protrivit,
1220 3732 1256 3793 ut
1267 3727 1402 3808 puderet
1410 3725 1586 3809 iracpoeni·

355 3849 390 3898 se
412 3830 601 3899 coniunerat.
626 3831 805 3898 Guduscani
826 3831 952 3897 domum
982 3836 1064 3897 teret
1098 3851 1169 3898 eum
1203 3831 1281 3898 tulia
1311 3832 1462 3898 molitum.
1502 3831 1585 3898 Nam

355 3935 491 4021 regressi
512 3935 627 4002 iterum
644 3935 783 4002 aBorna
805 3935 955 4018 subigun·
985 3937 1088 4002 tribus
1117 3935 1293 4003 interiectis
1317 3937 1357 4002 de
1379 3937 1464 4002 illius
1495 3955 1585 4004 exer·

353 4045 415 4108 tur.
451 4038 496 4106 ut
530 4039 724 4108 Liudewitus
758 4042 953 4107 occasionem
983 4041 1046 4108 citu
1075 4040 1226 4120 millibus,
1261 4041 1414 4124 equisque
1437 4059 1475 4108 ac
1496 4043 1586 4110 varie

353 4150 487 4212 nanctus
522 4161 593 4210 cnm
626 4144 733 4211 valida
764 4163 859 4211 menu
890 4146 952 4212 De·
984 4145 1194 4230 suppellictile
1216 4145 1352 4229 plurime
1376 4147 1509 4228 direpta
1534 4167 1583 4214 re
1659 4123 1665 4152 '

354 4249 492 4317 combrio
530 4269 639 4318 mense
675 4248 867 4317 Dalmatiam
907 4251 955 4315 in·
984 4249 1077 4333 gione
1099 4269 1157 4316 sua
1179 4269 1251 4318 eum
1266 4251 1419 4317 excedere
1435 4252 1583 4333 conpulit

351 4373 481 4439 gressus
515 4354 598 4422 ierro
633 4359 666 4422 et
699 4355 763 4438 igni
796 4354 948 4422 deuastat.
980 4354 1069 4432 Quae
1092 4360 1205 4422 cuncta
1227 4356 1402 4438 imperator
1423 4357 1464 4422 ad
1483 4355 1584 4438 Aquis

352 4455 412 4526 cur
441 4477 512 4525 cum
540 4459 646 4527 Borna
673 4478 708 4526 se
736 4461 882 4542 paenitus
904 4460 951 4524 in·
981 4460 1155 4526 consistens
1177 4460 1282 4526 laetus
1305 4460 1433 4526 audivit.

351 4579 461 4646 paren
498 4564 711 4648 conspiceret,
752 4563 857 4633 onnia
894 4583 953 4630 sua
1070 4585 1337 4646 ulammaus
1373 4586 1442 4663 imp.
1473 4605 1498 4648 ο.
1531 4589 1583 4650 sa.

352 4667 491 4738 corallis
522 4667 668 4748 inclusit,
707 4674 742 4734 et
773 4669 842 4750 ipse
880 4685 949 4735 cum
1022 4671 1109 4732 Perta
1123 4673 1162 4752 Π,
1180 4674 1316 4734 624-5.
