3548 5282
1381 427 1445 492 469

202 633 235 699 in
257 632 412 701 ultionem
442 631 559 700 luroris
589 631 638 699 sui
662 632 904 698 succenderunt.
929 629 1024 699 Ciues
1047 639 1156 700 autem
1189 634 1335 700 ridentes
1359 631 1449 698 aedi·

202 736 275 803 ficia
307 754 437 802 suorum
472 734 546 818 igne
581 733 792 818 conflagrare,
834 735 976 801 unanimi
1010 742 1169 804 conuentu
1209 756 1303 804 suum
1337 738 1449 804 ducem

202 839 362 906 Nichitam
394 838 523 918 adeunt
547 839 679 906 Petrum
701 844 735 905 et
756 841 923 908 uniuersos
946 858 1099 922 sequaces
1123 841 1207 907 illius
1234 840 1333 908 falsos
1357 839 1449 906 (lhri-

204 945 325 1012 stianos
348 947 548 1024 asserentes,
572 947 719 1026 raptores
742 948 866 1010 tantum
889 962 960 1011 esse
982 951 1016 1010 et
1037 962 1101 1011 non
1130 945 1275 1012 homines
1290 942 1448 1030 pacificos,

116 1113 123 1128 ,
203 1049 257 1132 qui
279 1047 483 1116 Pincenarios
507 1047 597 1114 ducis
625 1047 813 1132 Belegraue,
844 1053 876 1116 et
898 1047 1081 1116 Malcuillac
1112 1053 1161 1116 tot
1190 1047 1338 1132 Ungaros
1368 1048 1450 1117 occi·

205 1152 336 1232 derent3
366 1157 400 1222 et
433 1169 517 1220 nunc
549 1152 728 1218 incendium
760 1151 822 1220 hoe
850 1153 1131 1236 praesumpserint,
1162 1171 1365 1237 nequaquam
1388 1171 1448 1236 pro

203 1257 372 1324 benefacto
394 1257 681 1325 remunerationem
703 1257 971 1324 restituentes...

290 1382 406 1443 Alberti
430 1381 580 1457 Aquensis
603 1381 743 1442 historiae
768 1381 1049 1458 hierosolymitanae
1074 1382 1124 1444 lib.
1149 1382 1171 1444 1.
1202 1400 1232 1444 n.
1257 1382 1373 1443 7-10.
1398 1381 1449 1444 ed.

246 1469 375 1545 Bongar.
392 1485 421 1545 p.
441 1469 620 1530 186-188.
637 1467 773 1528 Willren:
799 1467 977 1528 Gesohiehte
1004 1468 1057 1529 der
1080 1469 1256 1545 Krennfflge
1279 1468 1302 1545 Ι,
1328 1471 1447 1530 81-7.

247 1555 404 1616 hliehand:
420 1555 550 1614 Histoire
566 1553 619 1614 des
635 1554 792 1614 Croisades
806 1555 831 1632 I,
849 1557 986 1616 69-13.
1075 1595 1078 1600 ι

290 1641 432 1702 Albertns
462 1641 619 1701 canonicus
645 1645 676 1702 et
698 1645 798 1702 cnstos
823 1639 972 1717 Aquensis
996 1641 1141 1703 ecclesiae
1167 1641 1285 1718 scripsit
1311 1657 1389 1717 qnae
1410 1657 1448 1702 ex

249 1728 352 1789 auditu
366 1732 397 1790 et
410 1728 553 1788 relatione
569 1732 639 1788 nota
656 1727 759 1788 habuit
773 1728 813 1789 ab
828 1729 873 1804 iis,
890 1729 941 1803 qui
955 1732 1130 1812 praesentes
1145 1727 1313 1789 adfuerant.

248 1881 464 1965 (Godehidus,
489 1881 552 1946 dux
574 1879 816 1964 Lotharingiae)
839 1886 872 1948 et
895 1881 1032 1963 populus
1055 1900 1114 1963 per
1128 1899 1262 1963 regnum
1284 1879 1446 1962 Ungariae

203 1985 422 2068 pertransiens
445 1983 487 2050 ad
504 1985 619 2050 Drowa
633 1983 765 2050 fluuium
781 1991 1015 2067 peruenerunt3
1040 1985 1094 2051 ubi
1118 1985 1264 2069 congerie
1285 1984 1445 2068 lignomm

202 2089 377 2171 composita
399 2093 432 2154 et
461 2088 598 2171 plurima
627 2088 778 2154 uiminum
810 2088 1010 2171 copulatione
1038 2087 1125 2154 facta
1147 2088 1285 2157 eundem
1313 2084 1446 2154 fluuium

7 2201 8 2208 ’
120 2203 126 2217 ·
202 2193 406 2272 traiecerunt,
431 2191 560 2259 assidue
590 2210 666 2274 rege
697 2191 901 2274 (Kalomano)
924 2209 995 2258 cum
1018 2192 1216 2259 ualidissima
1241 2209 1337 2257 manu
1359 2191 1448 2273 equi·

204 2302 271 2363 tum
293 2317 314 2362 a
336 2296 472 2362 sinistris
495 2295 661 2378 gradiente
685 2313 748 2360 una
771 2313 842 2362 cum
871 2294 1056 2362 Baldewino
1087 2295 1200 2378 (fratre
1222 2295 1322 2377 ipsius
1345 2295 1448 2379 ducis)
1514 2382 1517 2386 ,

169 2483 176 2495 ,
205 2406 237 2467 et
260 2400 394 2466 caeteris
415 2398 589 2473 obsidibus,
611 2415 775 2480 quousque
805 2399 848 2465 ad
871 2399 984 2482 locum,
1014 2399 1068 2482 qui
1092 2399 1206 2466 dicitur
1234 2399 1447 2480 Francauilla‚

202 2509 391 2587 peruentum
422 2509 482 2569 est.
513 2501 583 2567 Illic
618 2520 675 2583 per
705 2506 772 2568 tres
802 2502 871 2569 dies
902 2504 1052 2570 remorati
1082 2503 1169 2570 uitae
1203 2503 1384 2571 necessaria
1418 2507 1451 2570 et

203 2607 318 2689 quibus
341 2606 505 2690 indigebat
526 2605 683 2673 exercitus
705 2606 812 2688 precio
836 2612 1028 2688 mutuantes,
1046 2625 1115 2674 cum
1135 2607 1283 2674 omnibus
1299 2606 1444 2673 Maleuil-

204 2711 267 2777 lam
296 2711 536 2791 descenderunt,
570 2709 602 2775 in
632 2710 740 2777 littore
771 2707 864 2776 Sowa
894 2710 1006 2778 diebus
1038 2713 1178 2792 quinque
1210 2715 1447 2793 pernoctantes.

130 2883 136 2890 ,
203 2814 272 2880 Illic
294 2811 367 2879 duci
389 2813 588 2894 caeterisque
611 2812 807 2895 principibus
828 2815 984 2880 exercitus
1007 2815 1153 2899 innotuit,
1178 2833 1273 2897 quam
1296 2813 1448 2881 intolera—

202 2917 276 2984 bilis
299 2918 402 2983 uirtus
424 2915 556 2984 militiae
579 2917 781 2998 imperatoris
811 2917 1104 3001 Constantinopolis
1134 2915 1281 2985 affuisset
1311 2918 1352 2984 ad
1375 2935 1449 3000 pro·

202 3022 373 3087 hibendum
396 3020 577 3103 peregrinis
601 3022 688 3086 uiam
708 3040 767 3103 per
789 3041 922 3105 regnum
951 3021 1131 3104 Bulgariae.
1156 3021 1359 3105 Quapropter
1385 3021 1449 3088 dux

203 3132 236 3192 et
257 3124 400 3192 uniuersi
422 3124 587 3190 consilium
615 3125 765 3213 inierunt,
798 3131 834 3190 ut
856 3131 980 3208 partem
1002 3127 1160 3193 exercitus
1182 3127 1215 3192 in
1238 3125 1336 3192 armis
1359 3130 1448 3192 trans

203 3229 335 3296 fluuium
358 3229 598 3313 praemitterent
628 3230 670 3296 ad
699 3231 918 3312 reprimendos
940 3230 1061 3311 hostes,
1097 3230 1214 3297 milites
1235 3229 1448 3312 imperatoris,

205 3351 373 3416 quousque
395 3333 535 3416 populus
554 3335 758 3417 enauigaret3
788 3351 853 3400 non
876 3333 1010 3416 amplius
1034 3333 1117 3402 enirn
1143 3352 1239 3415 quum
1260 3339 1327 3401 tres
1350 3351 1449 3400 naues

203 3439 268 3504 illic
290 3443 440 3520 repertae
464 3443 549 3518 sunt,
572 3455 643 3504 cum
674 3439 790 3522 quibus
812 3437 898 3504 mille
929 3437 1053 3520 equites
1076 3437 1201 3504 loricati
1224 3438 1266 3504 ad
1295 3455 1448 3521 praeocu-

205 3541 343 3624 pandum
376 3540 467 3608 littus
509 3542 687 3610 transmissi
722 3547 805 3609 sunt.
849 3540 986 3610 Caetera
1019 3542 1208 3626 multitudo,
1250 3541 1449 3626 copulatione

203 3645 360 3728 lignorum
383 3649 417 3711 et
439 3645 600 3731 uiminum‚
624 3644 762 3712 fluminis
786 3645 914 3712 alueum
937 3651 1178 3729 superauerunt.

245 3749 306 3815 Vix
336 3748 519 3834 enauigauit
551 3749 687 3832 populos
721 3754 755 3815 et
788 3766 898 3817 eorum
930 3750 1090 3837 princeps,
1119 3755 1152 3817 et
1184 3767 1258 3818 eece
1287 3768 1343 3817 ren
1374 3767 1446 3816 oum

203 3854 288 3922 omni
319 3857 475 3936 apparatu
506 3873 564 3922 suo
595 3859 628 3921 et
658 3853 757 3920 fratre
788 3854 887 3936 ducis,
917 3854 1111 3936 Baldewino‚
1143 3855 1274 3937 eiusque
1295 3873 1392 3922 uxore
1415 3858 1450 3921 et

204 3957 324 4024 cunctis
348 3958 512 4025 obsidibus
535 3956 635 4034 affuit,
667 3977 748 4040 quos
770 3958 887 4026 ibidem
917 3958 951 4025 in
979 3977 1074 4024 manu
1099 3957 1188 4024 ducis
1218 3958 1375 4038 restituit;
1410 3975 1448 4025 ac

205 4061 245 4128 dc
267 4059 342 4127 hinc
364 4061 462 4128 nimia
485 4061 655 4129 dilectione
677 4063 898 4130 commendato
921 4063 1001 4129 duee
1024 4062 1188 4146 fratreque
1212 4063 1278 4129 eius
1300 4067 1333 4128 ln
1357 4061 1448 4129 donis

203 4165 348 4247 plurimis
378 4171 413 4231 et
443 4165 552 4232 osculo
582 4165 670 4248 pacis
699 4166 733 4231 in
763 4171 882 4234 terram
913 4167 1003 4249 regni
1035 4166 1083 4233 sui
1114 4183 1264 4232 reuersus
1295 4170 1353 4232 est.
1376 4166 1449 4230 Dux

201 4287 280 4336 nero
313 4273 360 4334 et·
381 4269 481 4336 omnis
515 4267 671 4336 exercitus
704 4269 789 4336 illius
821 4270 921 4337 altera
950 4271 983 4335 in
1022 4269 1092 4352 ripa
1114 4269 1286 4353 constituti,
1309 4268 1342 4334 in
1365 4269 1445 4334 uilla

203 4371 383 4456 Belegraue
406 4373 619 4458 Bulgarorum
641 4374 780 4456 hospitio
804 4379 1041 4456 pernoctarunt,
1066 4391 1159 4456 quam
1176 4375 1292 4440 Petrus
1314 4377 1348 4441 et
1362 4372 1447 4439 illius

204 4477 360 4545 exercitus
380 4477 477 4562 longe
500 4483 574 4545 ante
598 4477 786 4561 depraedati
809 4477 1095 4546 combusserant¹⁵
1529 4459 1537 4474 ⁰
