3604 5276
1380 397 1439 460 271

206 606 332 686 Ἀβάριος
354 607 523 684 κατέχοντας
544 605 727 680 τὴντοιαύτον
752 611 813 682 γῆν.
845 601 1050 680 invenerunt·,
1084 601 1231 682 belloque
1260 619 1318 683 per
1349 619 1450 668 annos

205 711 249 772 ἐτί
269 731 350 782 τινας
372 704 416 768 οὖν
437 711 552 788 χρόνους
566 707 750 782 πολεμοῦντες
766 706 818 766 ἀλ·
848 704 969 786 aliquot
998 705 1082 769 inter
1111 723 1167 770 eos
1192 709 1283 786 gesto
1306 705 1452 770 vicerunt

204 813 304 889 λήλοις
332 811 511 894 ἱατερίσχυσαν
541 811 565 871 οἱ
588 811 740 890 Χρωβάτοι,
768 807 815 870 καὶ
846 805 1008 888 Chroboti,
1033 807 1238 888 Abarttmqlle
1254 808 1333 874 alios
1355 809 1452 874 inter·

206 918 266 988 τοὺς
301 915 351 992 μὲν
384 921 438 975 τῶν
472 914 593 994 'spelpes
630 910 813 994 κατέσφαξαν,
843 910 995 992 leserunt,
1020 911 1099 977 alios
1123 929 1236 992 parere
1260 911 1319 977 sibi
1339 915 1451 994 soege-

205 1021 267 1092 ret<
286 1020 317 1080 δὲ
332 1021 444 1092 λοιποὺς
458 1021 625 1104 ὑποταγῆναι
639 1019 817 1095 samad-saa-
849 1022 930 1080 runt.
967 1015 1072 1096 Atque
1103 1033 1141 1080 ex
1172 1015 1226 1081 illo
1258 1021 1401 1098 tempore
1433 1035 1452 1081 a

210 1145 269 1187 σαν.
293 1127 386 1184 ἓντοτε
401 1118 446 1184 οὖν
461 1121 659 1202 αατεαρατήθη
674 1123 692 1196 ἡ
708 1122 815 1196 τοιαύτη
847 1117 1016 1185 Chrobalis
1054 1137 1203 1201 possessa
1244 1119 1323 1186 haec
1364 1120 1451 1202 regio

207 1233 287 1310 χώρα
313 1228 388 1307 παρὰ
414 1233 468 1287 τῶν
490 1227 656 1307 Χρωβάτων’
680 1222 726 1284 καὶ
750 1222 815 1284 εἰσὶν
846 1222 916 1302 fuit,
939 1229 1076 1304 suntque
1103 1224 1273 1288 etiamnum
1296 1225 1327 1288 in
1351 1221 1451 1290 Chro-

210 1331 301 1408 ἀκμὴν
316 1332 345 1392 ἐν
360 1331 507 1415 Χρωβατίᾳ
530 1329 563 1390 ἐκ
576 1333 637 1400 τοὺς
658 1335 711 1388 τῶν
728 1328 815 1404 Ἀβα-
845 1327 933 1393 batia
954 1326 1093 1392 Aboram
1118 1326 1278 1411 reliquiae,
1309 1333 1342 1393 et
1365 1327 1449 1392 Aba·

209 1433 329 1516 ρων,ααὶ
341 1433 657 1513 γινώανιονταιἊβαὶρεις
669 1433 814 1504 οντες....
847 1449 898 1497 res
921 1449 992 1496 esse
1017 1435 1321 1514 cognoscuntur...
1341 1480 1347 1494 .

267 1537 335 1598 Ἀτο
357 1536 388 1598 δὲ
410 1538 566 1618 Χρινβάτων
596 1541 650 1596 τῶν
672 1535 815 1598 ἐλθόντων
890 1534 965 1599 Ata
987 1532 1166 1614 Chrobatis
1191 1535 1245 1616 qui
1267 1535 1299 1599 in
1323 1534 1451 1624 limma-

210 1644 239 1703 ἑν
256 1642 397 1725 Δελματίᾳ
419 1641 589 1722 διεχωρίοθη
613 1642 695 1720 μέρος
713 1661 749 1712 τι,
772 1637 818 1700 οιαὶ
848 1639 924 1703 tiam
948 1643 1112 1720 Venerunt,
1137 1655 1211 1720 pars
1235 1638 1390 1719 quaedam
1406 1657 1453 1705 se-

204 1747 343 1826 .ἑνιράτησε
365 1747 396 1805 το
416 1743 584 1824 Ἱλλυρινιδνῦ
605 1741 651 1804 καὶ
673 1744 721 1818 τὴν
743 1745 818 1804 Παν-
848 1743 960 1820 cessit,
992 1748 1025 1806 el
1054 1741 1230 1823 Illyricum⁸
1252 1747 1348 1823 atque
1371 1739 1452 1808 Pan-

211 1848 329 1911 νονῑαν.τ
358 1844 435 1928 εἶχον
466 1847 496 1908 δὲ
525 1847 572 1908 καὶ
602 1845 675 1909 αὐτοὶ
697 1851 819 1927 ἄρχοντα
849 1845 992 1910 noniam⁷
1016 1847 1190 1926 occupavit.
1221 1843 1453 1927 Habebantque

212 1949 398 2027 αὐτεξούσιον,
430 1952 648 2028 erementanos
678 1953 745 2032 προς
774 1951 819 2012 σον
850 1955 884 2015 eb
903 1950 964 2030 ipsi
986 1949 1159 2030 principem
1183 1967 1373 2031 supremum,
1401 1950 1456 2031 qui

212 2053 334 2137 ἄρχοντα
356 2055 521 2137 Χροβαιίας
543 2055 614 2116 κατὰ
637 2055 738 2135 φιλίαν.
849 2052 890 2119 ad
912 2051 1103 2118 Chrobatiae
1132 2059 1255 2118 tantum
1279 2053 1454 2136 principem

847 2156 1006 2222 amicitiae
1028 2175 1105 2239 ergo
1128 2158 1320 2240 legationem
1348 2159 1452 2224 mitte-

848 2260 913 2326 bat.

255 2475 281 2534 B
302 2387 485 2448 Constantini
500 2385 643 2462 porphyr.
661 2384 698 2444 (le
713 2384 944 2446 administrando
962 2385 1085 2462 imperio
1101 2339 1131 2448 a.¹
1145 2389 1197 2469 30,
1214 2405 1243 2464 p.
1264 2386 1452 2448 143-4sd.

282 2492 349 2535 onn.
401 2531 403 2536 .

255 2593 261 2621 ¹
280 2589 320 2646 Gi.
338 2589 418 2645 illita
436 2587 489 2644 srb.
510 2591 575 2656 θρα.
594 2605 742 2652 norrenses
760 2605 786 2658 p.
805 2591 847 2644 70.
920 2590 929 2619 ²
949 2587 988 2644 Cf.
1006 2589 1088 2658 Ljub‚
1107 2589 1176 2656 Lab,
1192 2589 1297 2644 Luben.
1315 2588 1455 2644 ruilione:
1482 2631 1486 2642 .

214 2677 266 2734 Die
284 2675 402 2745 Bildung
420 2674 468 2730 der
486 2674 551 2730 slas.
570 2677 806 2730 Personennamen
824 2691 865 2729 nr.
885 2679 943 2730 207.
1018 2675 1027 2706 ³
1046 2674 1085 2730 Cf.
1105 2673 1187 2744 Kosa,
1207 2675 1308 2732 Kosau.
1328 2674 1395 2731 ibid.
1414 2691 1455 2730 nr.
1481 2659 1489 2674 ⁸

217 2768 275 2821 169.
295 2764 354 2834 Srp.
376 2762 509 2832 pomeniei
527 2777 555 2832 p.
574 2763 616 2816 71.
699 2763 708 2790 ⁴
729 2761 767 2815 ef.
787 2761 891 2831 Tugan.
910 2761 1037 2817 Miliosit
1056 2777 1098 2831 op.
1118 2762 1163 2816 cit.
1182 2779 1222 2817 nr.
1241 2765 1300 2818 416.
1385 2763 1455 2816 ⁵Da

216 2854 312 2906 horum
331 2851 430 2905 dueum
449 2848 603 2904 nominibus
621 2866 646 2904 v.
665 2848 830 2916 Knjiaevnik
848 2853 870 2917 Ι,
889 2853 931 2902 71.
1013 2848 1142 2919 ‘lllyrici
1160 2849 1283 2904 meminit
1300 2848 1455 2904 Constami·

174 2984 179 2993 .
215 2955 268 2994 nus
285 2937 377 2993 adhuc
395 2935 441 2990 lib.
460 2935 486 2989 ll
505 2934 537 2989 de
555 2935 721 2990 thematibus
740 2937 780 3005 (p.
797 2938 831 2990 47
849 2933 891 2990 ed.
916 2935 1023 3006 Boon),
1049 2935 1096 2989 ubi
1113 2935 1247 2991 Hieroclis
1266 2934 1454 3006 synecdemum

217 3029 252 3096 (ν.
271 3040 298 3096 p.
318 3027 381 3095 391)
401 3025 475 3080 citat.
567 3023 576 3052 ⁷
595 3021 747 3078 Adduoitur
764 3023 851 3078 adhue
870 3039 891 3078 o.
911 3025 945 3078 25
958 3022 996 3077 sle
1014 3021 1082 3078 odru.
1102 3024 1166 3091 imp.
1185 3039 1213 3091 p.
1234 3027 1281 3078 111
1301 3031 1330 3078 et
1347 3023 1380 3078 de
1398 3023 1456 3078 the-

216 3120 279 3167 mss
298 3113 336 3167 nn
364 3112 391 3165 11
409 3129 435 3180 p.
455 3113 494 3166 oa
516 3109 663 3166 posteriori
680 3109 740 3165 ιντο
758 3109 871 3164 dicitur:
892 3093 1018 3181 ἐπαρχία
1034 3091 1203 3169 Παννονίας,
1224 3093 1281 3156 ὑπὸ
1296 3094 1348 3156 τὸν
1363 3093 1454 3156 αὐτὸν

620 3179 627 3202 Ι

215 3201 245 3266 (1.
271 3215 294 3254 e.
319 3175 460 3288 ήγῑῑιὸνα)
482 3181 580 3253 πόλεις
602 3189 637 3262 p,
662 3211 731 3264 quae
750 3212 783 3252 ex
800 3195 917 3252 Hieroel.
939 3196 1045 3267 syneod.
1064 3215 1092 3266 p.
1105 3199 1156 3252 393
1175 3202 1334 3264 noscuntur,
1353 3196 1456 3251 seilicet

215 3267 345 3357 Σέρριον,
371 3241 510 3332 hmilit-
527 3280 605 3339 Unde
622 3289 713 3352 potest
731 3282 868 3351 concludi,
893 3281 1099 3338 Constantinum
1118 3284 1163 3337 hie
1180 3283 1233 3338 loti
1251 3283 1301 3338 sub
1314 3282 1456 3337 Pannonia

217 3371 337 3428 eiusdem
362 3377 469 3440 partem
493 3370 595 3425 saviam
620 3377 648 3424 et
666 3369 848 3439 sirmiensem,
872 3369 923 3424 sub
942 3369 1050 3441 illyrico
1067 3385 1131 3425 sero
1150 3370 1304 3438 contiguam
1322 3369 1363 3424 illi
1380 3385 1455 3425 oram

216 3457 445 3516 subintellexisse.

821 3622 851 3681 4.

262 3735 353 3825 Περὶ
382 3746 457 3800 τῶν
488 3733 726 3822 Χρωβόιτων,
757 3737 822 3798 καὶ
895 3737 952 3802 De
987 3735 1215 3803 Chrobatis
1249 3743 1290 3802 et
1323 3743 1455 3814 terra,

217 3837 259 3916 ἧς
285 3851 348 3906 νῦν
370 3847 521 3905 οἰκοῦσι
542 3839 677 3926 χώρας.
700 3835 777 3902 Ὅτι
797 3843 824 3902 ot
853 3858 970 3921 quarn
993 3858 1098 3905 nune
1120 3839 1322 3906 incolunt.
1356 3839 1456 3906 Chro-

218 3944 375 4034 Χρωβάτοι
404 3948 431 4007 οἱ
456 3949 494 4016 εἰς
520 3943 561 4006 τὰ
584 3941 753 4030 Δελμοτίας
775 3953 823 4005 νῦν
853 3943 918 4010 bati
925 3994 934 4028 ‚
965 3945 1018 4026 qui
1040 3944 1219 4010 Dalmatiae
1242 3947 1350 4025 partes
1373 3961 1456 4010 nuno

217 4059 421 4121 κατοικοῦντος
450 4045 521 4135 μέρη
551 4047 611 4110 ἀπὸ
641 4055 702 4110 τῶν
724 4047 823 4129 ἀβατ-
852 4046 1047 4126 inhabitant,
1071 4067 1090 4112 a
1114 4046 1281 4114 Obrobatis
1306 4047 1456 4129 baptismi

216 4155 326 4218 τίστων
348 4149 519 4239 Χρωβάτων
546 4153 596 4214 καὶ
623 4159 684 4213 τῶν
706 4147 824 4237 ἄστρων
847 4153 1051 4233 expertibus,
1090 4152 1145 4233 qui
1182 4157 1215 4217 et
1251 4151 1315 4217 albi
1346 4152 1454 4233 appel·

218 4255 478 4346 ἐπονομαζομένων
499 4259 693 4342 κατάγονται,
723 4255 822 4327 οἵτινες
852 4255 967 4333 lanius,
986 4255 1138 4337 originem
1155 4254 1283 4339 ducunt,
1312 4255 1366 4336 qui
1381 4273 1457 4320 sane

219 4359 359 4450 Τουρκίας
393 4359 446 4448 μὲν
473 4360 586 4423 ἐκεῖθεν
608 4357 761 4446 Φραγγίας
794 4349 827 4420 δὲ
857 4359 940 4423 ultro
975 4359 1122 4424 Turciam
1158 4376 1258 4440 prope
1293 4357 1458 4424 Francianr

219 4465 342 4536 abueios
374 4472 560 4538 κατοικοῦσι,
598 4465 648 4526 καὶ
682 4471 827 4550 σονοροῦαι
856 4461 1459 4542 incoluntetSolavisconterruissent,

219 4567 362 4651 Σκλάβανς
384 4571 445 4639 τοῖς
467 4567 659 4649 &poenosae
677 4563 821 4652 Σέρβλανς.
853 4584 915 4631 non
945 4567 1116 4647 baptizatis
1140 4564 1271 4631 Serblis.
1307 4563 1461 4630 Chrobati

221 4673 259 4737 τὸ
280 4661 314 4736 δὲ
337 4668 493 4758 spuens
524 4680 564 4755 τῇ
593 4679 654 4733 τῶν
683 4665 827 4752 Σαλάβὼν
858 4674 965 4736 autem
981 4669 1128 4735 dicuntur
1143 4669 1252 4750 lingue
1267 4665 1460 4748 Seianorum,
