3604 5276
343 383 406 445 286

343 586 440 652 citum
462 585 578 651 ducere
601 587 711 650 contra
733 581 829 665 ipsos,
862 583 1023 648 vastantes
1047 580 1153 648 omnia
1174 579 1261 646 culta
1284 595 1404 658 eorum,
1428 595 1487 644 nec
1509 596 1582 660 per·

343 689 507 755 mittentes
537 703 592 753 eos
607 691 714 751 extra
743 703 850 751 muros
882 681 1034 770 (Spalati)
1066 684 1162 750 exire.
1197 681 1412 760 Taraciam,
1443 681 1525 750 inter
1548 699 1583 746 se

343 791 474 858 consilio
496 790 614 870 habito,
639 789 830 871 legationem
853 789 1009 854 miserunt
1038 787 1079 854 ad
1109 787 1334 870 imperatorem
1359 785 1583 854 Constantino·

344 896 520 978 politanum
543 893 762 977 supplicantes
784 897 818 958 et
840 895 988 973 petentes
1010 896 1048 957 ut
1068 891 1180 958 liceret
1202 892 1249 958 eis
1272 892 1305 956 in
1326 891 1458 975 palatiu·
1480 890 1513 956 id
1536 897 1585 956 est
1672 933 1675 940 ,

345 999 377 1063 in
400 997 541 1081 spalato,
564 997 720 1075 habitare,
744 1000 777 1062 et
800 993 994 1062 territorium
1017 1013 1095 1061 suae
1117 994 1254 1061 civitatis
1272 992 1409 1061 Salonas
1430 996 1499 1062 iure
1521 995 1583 1076 pri-

344 1103 429 1168 stino
451 1101 625 1184 possidere.
649 1099 742 1179 Quod
758 1105 793 1166 et
806 1097 925 1165 factum
948 1106 1014 1179 est;
1037 1118 1111 1166 nam
1126 1098 1306 1182 impetratis
1322 1098 1476 1178 omuibus,
1500 1117 1584 1180 quae

343 1206 509 1286 volebant,
541 1204 582 1272 ad
612 1201 758 1270 concives
788 1221 865 1270 suos
888 1201 985 1286 legati
1008 1201 1173 1269 redierunt
1194 1206 1360 1283 portantes
1382 1219 1507 1268 sacrum
1530 1221 1580 1267 re-

345 1311 498 1393 scriptum
520 1309 719 1376 dominorum
740 1307 936 1392 principum;
967 1306 1065 1373 iussio
1089 1307 1187 1374 etiam
1216 1307 1257 1374 od
1288 1305 1385 1372 duces
1407 1305 1584 1372 Gothomm

345 1421 378 1480 et
400 1412 583 1480 Salavorum
607 1411 704 1478 missa
727 1416 787 1490 est,
812 1409 955 1478 districte
970 1409 1180 1495 praecipiens,
1203 1415 1241 1476 ut
1253 1409 1374 1476 nullam
1391 1407 1585 1477 Salonitanis

222 1523 225 1531 ’
345 1517 478 1597 civibus,
501 1517 534 1582 in
557 1514 689 1599 Spalato
712 1514 913 1597 degentibus,
936 1514 1115 1581 molestiam
1136 1513 1324 1598 irrogarent.
1348 1511 1490 1596 Accepta
1509 1531 1585 1594 ergo

344 1621 483 1689 iussione
497 1619 691 1703 ,principum
721 1635 785 1684 non
815 1617 943 1686 luerunt
977 1618 1047 1684 ausi
1076 1617 1211 1686 ulterius
1245 1623 1357 1684 contra
1379 1615 1585 1700 Spalateuses

345 1744 435 1791 arma
456 1741 593 1792 morere.
617 1722 707 1788 Tunc
725 1722 809 1789 inter
831 1740 887 1788 eos
906 1740 985 1804 pace
1001 1721 1176 1804 composita
1191 1727 1367 1805 coeperunt
1381 1720 1585 1804 Spalatenses

345 1847 415 1896 cum
439 1826 561 1895 Solaria
583 1825 736 1910 paulatim
766 1825 964 1904 conversari,
1000 1827 1253 1894 communionum
1276 1825 1405 1910 negotia
1426 1843 1584 1904 exercere,

346 1931 504 2000 connubia
525 1931 666 2012 iungere,
690 1947 728 1996 ac
749 1934 881 2012 pacatos
903 1947 960 1997 eos
983 1929 1043 1997 sibi
1065 1936 1099 1998 et
1120 1929 1293 1997 familiares
1317 1929 1460 1998 reddere.

434 2075 567 2136 Thomas
582 2074 695 2136 archid.
711 2076 818 2152 spalat.
834 2074 937 2135 histor.
954 2077 1048 2136 salon.
1064 2092 1090 2135 c.
1109 2074 1146 2146 X,
1162 2090 1192 2151 p.
1210 2076 1272 2134 319
1289 2073 1336 2134 od.
1352 2073 1379 2135 J.
1395 2073 1489 2134 Lucii.

433 2161 568 2222 Stabilita
585 2161 661 2222 inter
675 2163 873 2222 Romanorum
890 2161 1045 2238 imperium
1060 2165 1091 2222 et
1105 2159 1250 2221 Ohroatoa
1265 2176 1349 2237 pace,
1370 2159 1408 2220 de
1423 2177 1483 2236 qua
1498 2177 1587 2236 pras·

392 2248 525 2309 cedentis
539 2248 653 2308 numeri
669 2247 875 2308 documentum
891 2264 983 2324 agere
998 2246 1132 2327 videtur,
1159 2251 1290 2307 mutuam
1307 2247 1383 2307 inter
1397 2245 1542 2306 Ohroatos
1557 2249 1588 2305 et

391 2335 558 2395 Dalmatiae
573 2335 722 2394 Romanos
745 2333 864 2394 vivendi
888 2333 1047 2413 rationem,
1076 2350 1164 2409 quam
1180 2337 1280 2393 noster
1294 2331 1423 2409 scriptor
1437 2331 1520 2392 hicce
1535 2349 1586 2391 ex-

389 2420 490 2499 ponit,
517 2438 576 2481 non
592 2437 695 2497 parum
712 2425 876 2496 promotam
892 2420 984 2480 fuisse
999 2419 1115 2479 omnino
1133 2419 1309 2480 censendum
1326 2423 1381 2479 est.
1408 2419 1501 2478 Recte
1517 2420 1587 2477 item

389 2509 419 2566 iu
441 2506 498 2567 hoc
521 2506 631 2567 recenti
661 2511 847 2568 monumento
871 2506 986 2566 urbium
1009 2505 1233 2566 dalmaticarum
1257 2505 1296 2565 ab
1312 2503 1440 2566 Orientis
1463 2505 1586 2581 imperio

389 2593 588 2670 dependentia
603 2593 741 2654 innuitur.
1041 2594 1045 2600 '

952 2835 981 2898 2.

392 2970 523 3036 Interea
537 2986 678 3036 summus
693 2967 834 3051 pontifex
844 2966 930 3035 misit
941 2968 1099 3050 quendam
1111 2968 1261 3051 legatum,
1278 2969 1436 3037 Joannem
1450 2970 1587 3050 nomine,

349 3073 453 3155 patria
475 3073 703 3152 Ravennatem,
727 3073 781 3154 qui
803 3078 912 3154 partes
934 3071 1115 3140 Dalmatiae
1137 3080 1171 3140 et
1194 3071 1365 3143 Chrestiae
1386 3075 1588 3158 peragrando

351 3175 543 3243 salutaribus
565 3175 694 3243 monitis
716 3175 913 3242 christicolas
935 3174 1129 3243 informaret.
1153 3177 1192 3242 In
1214 3178 1348 3245 ecclesia
1369 3185 1476 3244 autem
1499 3177 1588 3244 Salo·

349 3281 459 3345 nitana
481 3299 501 3346 a
522 3285 667 3361 tempore
690 3279 903 3347 subversionis
926 3280 1053 3361 praesul
1075 3299 1140 3346 non
1161 3278 1266 3348 fuerat
1286 3282 1460 3348 ordinatus.
1484 3281 1589 3348 Vene-

349 3383 494 3450 rabiliter
516 3401 592 3467 ergo
612 3383 753 3451 ioannes
768 3385 875 3466 coepit
889 3383 1009 3450 clemm
1025 3389 1058 3450 et
1072 3386 1228 3468 populum
1243 3385 1411 3466 exhortari,
1436 3390 1472 3450 ut
1487 3384 1589 3452 archi·

351 3487 568 3570 episcopatum
590 3487 727 3554 civitatis
750 3488 899 3570 antiquae
920 3488 1008 3554 iuxta
1023 3507 1058 3556 se
1074 3488 1131 3573 (so.
1143 3487 1279 3573 Spalati)
1295 3490 1476 3557 instaurare
1493 3490 1590 3557 debe-

349 3598 436 3676 rent3
455 3591 541 3673 quod
553 3591 614 3658 illia
624 3591 715 3658 valde
723 3600 848 3675 gratum
859 3593 963 3659 extitit
971 3596 1004 3659 et
1015 3597 1189 3675 acceptum.
1205 3593 1295 3659 Tunc
1302 3594 1480 3661 coadunato
1492 3595 1590 3671 clero,

349 3705 386 3761 ut
400 3695 497 3762 moris
512 3701 590 3779 erat,
607 3694 719 3763 electio
736 3697 768 3760 in
783 3713 919 3777 persona
934 3695 1089 3778 praedicti
1103 3696 1125 3763 J
1127 3697 1238 3763 oannis
1254 3695 1454 3765 concorditer
1467 3697 1508 3763 ah
1524 3713 1591 3763 oru-

350 3797 444 3864 nibus
467 3797 629 3866 celebrata
646 3804 705 3864 est.
741 3797 818 3879 Qui,
849 3816 908 3881 per
938 3799 1099 3866 dominum
1122 3818 1239 3883 papam
1261 3801 1497 3868 consecratione
1520 3819 1591 3866 sus·

350 3907 451 3985 cepta,
475 3908 625 3985 tanquam
648 3902 751 3970 bonus
773 3908 885 3985 pastor
906 3903 948 3970 ad
970 3904 1117 3987 proprias
1139 3923 1215 3972 oves
1239 3905 1383 3990 accessit,
1405 3925 1470 3973 non
1485 3905 1592 3972 animo

350 4005 531 4074 cumulandi
552 4008 718 4089 pecunias,
744 4027 814 4076 cum
838 4008 976 4075 ecclesia
998 4015 1074 4075 tunc
1095 4016 1182 4077 esset
1204 4011 1415 4094 pauperrima,
1440 4012 1497 4078 sed
1517 4011 1592 4078 cha·

349 4110 454 4177 nitatis
477 4110 582 4178 studio
604 4112 645 4178 de
669 4111 845 4179 animarum
867 4113 972 4180 saluts
995 4114 1118 4182 lucrum
1140 4116 1305 4197 spirituale
1328 4134 1484 4198 quaerere
1508 4121 1593 4182 sala·

350 4213 455 4296 gebat.
489 4213 558 4297 lpsi
586 4231 770 4284 concessum
801 4222 852 4284 est
873 4237 893 4284 a
915 4218 992 4286 sede
1022 4219 1214 4301 apostolica,
1249 4225 1286 4288 ut
1308 4222 1406 4288 totius
1429 4222 1594 4304 dignitatis

350 4317 561 4401 privilegium,
593 4319 677 4401 quod
702 4317 819 4388 Salona
840 4321 1015 4404 antiquitus
1037 4322 1158 4404 habuit,
1184 4322 1341 4392 obtineret
1363 4325 1498 4392 ecclesia
1521 4343 1594 4407 spa-

352 4421 493 4489 latensis.
517 4419 608 4487 Tunc
630 4425 734 4506 coepit
756 4424 922 4492 ecclesiam
945 4425 1133 4509 clerumque
1155 4445 1352 4514 componere,
1375 4411 1594 4497 instare'doc-

353 4525 473 4604 trinae,
505 4524 735 4608 praedicationi
767 4547 895 4617 vacare,
930 4549 1102 4618 curamque
1133 4519 1303 4614 pastoralis
1335 4532 1429 4602 officii
1460 4535 1594 4603 multum

353 4627 477 4695 solicite
508 4647 668 4696 exercere.
705 4630 834 4698 Etenim
864 4652 921 4718 per
950 4634 1131 4702 Dalmatiae
1163 4643 1197 4703 et
1227 4633 1414 4706 Sclaveniae
1448 4639 1597 4724 regiones
