3604 5276
353 403 416 468 330

899 611 1029 686 173.

351 716 374 776 s.
390 715 517 778 stt-sn.

352 851 492 920 Francos
513 855 595 920 inter
617 863 645 920 et
666 853 822 943 Bntparos
852 858 890 922 dc
919 857 1067 925 tinnitibus
1089 859 1132 924 ad
1154 856 1335 922 Danubium
1356 858 1562 920 controuersia
1570 879 1581 920 .·

351 954 487 1044 Bnbori
520 957 715 1027 Pannoniam
746 964 927 1047 inferiorern
959 965 1118 1048 infestant.
1152 962 1264 1029 Marco
1291 962 1503 1044 foroiulienses
1532 960 1581 1026 di·

894 1070 1033 1137 solntnr.

951 1303 978 1362 1.

351 1382 374 1446 l.
390 1383 434 1447 sn.

395 1505 463 1572 Rex
484 1504 693 1590 Bulgarorum
716 1505 886 1590 Omortag¹
909 1508 996 1574 velut
1025 1508 1110 1591 pacis
1139 1505 1303 1574 faciendae
1334 1506 1439 1591 gratia
1460 1506 1581 1590 legatos

351 1610 392 1675 sd
421 1610 644 1693 imperatorem
675 1611 911 1697 (Hludovisum)
942 1631 1011 1679 cum
1042 1612 1157 1680 litteris
1187 1613 1289 1691 misit,
1321 1631 1400 1694 quos
1428 1611 1482 1678 ille
1512 1629 1582 1676 cum

351 1712 491 1781 audisset
512 1733 550 1781 ac
571 1715 703 1794 litteras,
728 1735 809 1798 quae
832 1719 958 1784 adlatae
979 1716 1117 1797 luerunt,
1138 1717 1279 1802 legisset,
1304 1719 1350 1783 rei
1365 1717 1504 1783 novitate
1518 1734 1581 1781 non

350 1819 507 1886 immerito
530 1827 692 1904 permotus
714 1823 754 1887 ad
774 1823 998 1905 explorandam
1014 1822 1195 1906 diligentius
1211 1822 1360 1888 insolitae
1376 1827 1409 1888 et
1422 1827 1583 1904 nunquam

351 1925 438 2006 prius
453 1925 486 1989 in
501 1925 666 1991 Franciam
682 1927 837 1992 venientis
855 1926 1023 2010 legationis
1047 1944 1172 1994 oausam
1194 1925 1403 1993 Machelmum
1427 1925 1583 2009 quendam

352 2031 392 2096 de
414 2029 561 2097 Baioaria
592 2049 660 2097 oum
691 2031 767 2114 ipsis
797 2032 909 2114 legatis
940 2032 982 2099 ad
1011 2037 1218 2100 memoratum
1244 2051 1350 2116 regem
1373 2030 1582 2115 Balgarorum

352 2135 475 2201 direxit.
510 2135 582 2218 Ipse
605 2134 805 2222 (imperator)
834 2135 1041 2220 aquisgrani,
1072 2136 1126 2202 ubi
1148 2136 1286 2203 hiemare
1307 2140 1479 2218 statuerat,
1509 2153 1582 2218 pro

351 2237 453 2306 iectus
484 2246 542 2306 est.
577 2238 646 2318 Quo
677 2258 747 2305 cum
777 2241 916 2307 venisset
944 2247 978 2310 et
1006 2241 1050 2306 ibi
1080 2241 1216 2309 natalem
1240 2241 1355 2306 domini
1378 2239 1581 2318 celebrasset

352 2344 492 2410 adlatum
516 2349 566 2410 est
587 2345 632 2426 ei,
665 2344 749 2424 quod
778 2345 875 2428 legati
900 2347 983 2428 ragis
1004 2343 1212 2429 Bulgarorum
1236 2350 1344 2411 essent
1365 2344 1398 2408 in
1419 2343 1581 2426 Baioaria;

351 2449 465 2529 quibus
489 2448 612 2514 obviam
636 2449 782 2528 mittens,
813 2451 898 2532 ipsos
928 2451 1054 2532 quidem
1076 2468 1177 2531 usque
1200 2449 1241 2516 ad
1263 2455 1388 2530 tempus
1412 2465 1581 2528 congruum

350 2552 465 2618 ibidem
488 2550 563 2618 fecit
582 2553 705 2635 operiri.
730 2552 895 2620 Caeterum
916 2554 1038 2637 legatos
1054 2553 1287 2633 Abodritorum,
1310 2552 1363 2637 qui
1378 2551 1471 2637 vulgo
1488 2551 1582 2618 Prae

352 2657 535 2723 dedecenti²
556 2663 709 2723 vocantur
731 2665 764 2724 et
786 2659 971 2726 contermini
993 2657 1139 2744 Bulgsris
1161 2659 1304 2736 Daciam,
1328 2657 1473 2724 Danubio
1495 2657 1582 2722 adia·

353 2768 491 2841 centem,
514 2761 671 2842 incolunt,
699 2765 753 2845 qui
776 2767 808 2830 et
829 2763 890 2845 ipsi
913 2764 1085 2832 adventare
1106 2764 1347 2840 nuntiabantur,
1370 2761 1452 2830 illico
1475 2762 1582 2828 venire

354 2866 503 2949 permisit.
528 2865 587 2944 Qui
611 2885 680 2932 cum
704 2867 744 2934 de
763 2868 975 2950 ¹Bulgsrorum
1000 2871 1107 2950 iniqua
1128 2867 1330 2936 infestatione
1345 2872 1581 2949 quaererentur,

354 2977 386 3039 et
408 2977 518 3038 eontra
547 2991 602 3040 eos
625 2972 774 3039 auxilium
805 2973 865 3041 sibi
894 2974 971 3041 terri
999 2975 1224 3058 deposcerent,
1256 2974 1381 3040 domurn
1411 2973 1457 3039 ire
1487 2979 1584 3054 atque

353 3077 467 3142 iterum
483 3076 523 3142 ad
539 3083 673 3160 tempus,
694 3075 904 3162 Bulgarorum
919 3080 1033 3163 legatis
1050 3080 1264 3156 constitutum,
1287 3076 1391 3144 redire
1406 3077 1483 3143 iussi
1499 3082 1581 3142 sunt.

437 3220 578 3280 Einhardi
593 3218 716 3282 annales
731 3222 769 3282 ad
784 3240 811 3284 a.
830 3224 902 3286 824.
926 3223 1029 3283 Perta:
1052 3221 1129 3282 Mon.
1147 3221 1244 3281 Germ.
1261 3219 1366 3297 Script
1382 3219 1406 3297 Ι,
1432 3221 1504 3282 212.
1533 3217 1581 3280 (li.

394 3306 525 3367 Euhardi
540 3307 612 3367 fuld.
628 3309 724 3369 annal.
742 3309 780 3369 ad
796 3326 822 3369 a.
839 3311 911 3370 824.
928 3309 1002 3370 Ibid.
1019 3309 1043 3386 1,
1060 3311 1131 3370 358.

438 3394 545 3455 Oaroto
560 3412 667 3472 magno
686 3412 813 3457 coaevus
827 3396 1022 3473 Balgarorum
1038 3395 1097 3456 dux
1112 3395 1242 3456 Krnmus
1258 3394 1392 3454 dilatavit
1406 3393 1520 3469 imperii
1537 3393 1582 3452 sui

396 3482 504 3544 limites
521 3481 559 3541 ad
576 3483 699 3542 alteram
715 3500 832 3558 quoque
847 3484 974 3543 Danubii
989 3485 1094 3562 ripam,
1111 3500 1188 3558 quae
1199 3483 1283 3558 regio
1294 3481 1382 3543 etiam
1398 3473 1584 3564 „Bonis-sapia

395 3565 507 3628 ἐκεῖθεν
529 3573 583 3628 τοῦ
605 3561 712 3652 'lorpes
734 3563 891 3653 ποταμοῦ“
909 3570 991 3630 audit
1006 3570 1079 3650 (Leo
1096 3570 1277 3646 grammatic.
1293 3567 1415 3628 historia
1430 3568 1468 3628 de
1483 3568 1584 3628 Leone

396 3673 425 3732 p.
443 3657 504 3716 345
522 3654 569 3716 ed.
585 3655 678 3716 Bonn.
695 3655 732 3717 cf.
749 3656 895 3734 Georgius
906 3656 1039 3718 monach.
1055 3657 1091 3717 de
1104 3656 1246 3716 Michaele
1258 3659 1288 3715 et
1299 3654 1458 3716 Theodora
1468 3672 1498 3730 p.
1512 3655 1584 3714 tlt.

396 3743 443 3803 ed.
459 3739 577 3822 Bonn.).
593 3743 649 3803 Hie
663 3744 719 3804 loei
737 3745 904 3820 subiugavit
919 3761 976 3804 nou
991 3743 1078 3804 modo
1096 3743 1241 3805 Slavenos
1259 3759 1360 3802 rernm
1373 3741 1461 3802 etiam
1471 3739 1584 3801 Arare·

395 3847 459 3889 rum
474 3830 623 3906 reliquias,
646 3831 694 3906 qui
710 3831 738 3890 in
756 3832 902 3913 exercitu,
926 3848 1012 3907 quem
1028 3831 1158 3890 Krumus
1173 3848 1200 3892 a.
1218 3832 1280 3890 814
1296 3833 1398 3891 contra
1411 3829 1585 3905 Byzantium

395 3917 529 3990 duxerat,
550 3933 645 3992 aeque
660 3921 923 3978 commemorantur
937 3915 1013 3997 (Leo
1029 3934 1152 3994 gram.
1169 3916 1238 3978 ibid.
1253 3934 1281 3993 p.
1296 3917 1367 3976 347.
1385 3915 1512 3992 Symeon
1524 3933 1585 3974 ma

394 4005 500 4080 gister:
517 4003 666 4064 debeone
681 4003 843 4066 Armenoc.
856 4006 905 4080 11,
921 4023 951 4078 p.
969 4007 1030 4064 617
1047 4003 1094 4065 ed.
1110 4002 1226 4084 Bonn.).
1243 4002 1290 4064 Ad
1298 4003 1465 4063 Danubium
1476 4002 1585 4079 itaque,

394 4095 423 4151 et
438 4089 555 4166 quidem
571 4090 609 4151 ad
625 4089 694 4150 Sari
709 4096 738 4151 et
750 4091 1026 4171 Dravioonfluxum,
1041 4092 1221 4152 Francorum
1230 4089 1461 4166 etBulgarornm
1470 4089 1587 4148 termini

393 4176 595 4238 coincidebant
610 4177 667 4237 iam
682 4181 814 4254 tempore
830 4177 927 4238 Caroli
942 4179 1052 4257 magni,
1077 4178 1147 4257 „qui
1163 4196 1181 4237 a
1195 4177 1373 4253 Balgaribus
1388 4175 1454 4236 ideo
1471 4192 1587 4235 manum

391 4263 530 4342 retraxit,
558 4264 627 4340 quis
642 4263 778 4324 videlicet
792 4265 886 4324 Hunis
910 4265 1046 4325 exdnotis
1066 4281 1158 4340 regno
1175 4265 1354 4324 Francorum
1371 4262 1442 4322 nibil
1464 4261 1587 4322 nocituri

391 4350 578 4411 viderentur“
608 4351 781 4430 (Monachus
803 4351 833 4412 S.
858 4350 1020 4412 Gallensis:
1045 4351 1136 4414 Gesta
1158 4351 1261 4412 Karoli
1283 4349 1322 4412 lli.
1339 4349 1379 4426 11,
1399 4352 1425 4410 1.
1443 4347 1530 4409 Porta
1546 4348 1585 4428 11,

393 4434 479 4519 748).
505 4437 613 4498 Verum
628 4441 704 4498 inter
717 4443 872 4514 utrumque
884 4437 1037 4515 imperium
1046 4437 1246 4500 controversia
1261 4441 1327 4498 orta
1341 4440 1395 4516 est,
1411 4436 1461 4498 ubi
1476 4435 1586 4512 Balga-

392 4543 491 4586 rornm
506 4524 614 4585 subditi
629 4524 791 4586 Timonisui
813 4525 882 4586 item
903 4524 1022 4586 Bedrici
1038 4521 1229 4605 (abodritos,
1253 4521 1439 4602 Branibevci)
1454 4523 1585 4583 Frento-

392 4631 455 4672 rum
471 4611 628 4672 dominium
644 4616 853 4689 praeoptarent
868 4608 909 4696 (v.
918 4629 998 4689 supr.
1007 4629 1038 4689 p.
1047 4609 1134 4692 320).
1151 4611 1357 4673 Controversia
1367 4609 1442 4672 haee
1453 4615 1585 4670 nostnm

394 4716 511 4778 quoque
526 4698 676 4762 historiam
691 4704 816 4778 spectat,
831 4703 901 4778 quia
916 4699 1060 4762 inferioris
1075 4700 1243 4763 Pannoniae
1258 4699 1365 4762 limites
1380 4697 1587 4779 terminabat,
