3520 5422
1371 391 1407 456 11

180 607 298 678 quante
330 595 456 662 eosdem
488 613 708 676 praecessores
738 599 861 662 nestros
884 613 1037 678 prospere
1060 595 1295 663 euidentissime
1318 596 1412 664 comi·

178 701 339 777 intrantur,
365 699 490 782 quando
514 699 553 764 ad
577 700 683 764 limina
706 699 801 778 Petri,
826 700 970 764 coelestis
995 701 1081 783 regmi
1105 701 1270 784 clauigeri
1296 701 1412 768 detroto

182 813 311 888 pectore
334 787 422 892 quasi
447 804 566 886 proprii
590 802 645 870 filii
668 802 881 883 continebant;
912 811 944 872 et
967 810 1086 886 quanta
1107 807 1306 886 postmodum
1331 825 1411 872 nune

178 930 279 992 usque
302 910 512 976 sustinueritis
535 909 679 987 aduersa,
710 927 780 974 cum
804 910 843 975 ab
867 929 905 976 es
928 929 983 976 vos
1006 910 1095 992 quasi
1120 911 1238 977 alienos
1263 930 1412 993 separare

181 1035 243 1082 non
268 1014 446 1080 dubitastis.
471 1013 673 1098 Quapropter
696 1032 753 1080 uos
776 1013 942 1096 plurimum
969 1014 1152 1097 diligentes,
1185 1035 1246 1080 non
1271 1035 1413 1099 eaquae

179 1125 287 1186 uestra
304 1119 405 1206 (sunt)
421 1119 476 1185 sed
494 1137 550 1184 uos
567 1125 764 1202 quaerentes,
785 1124 918 1200 patema
933 1120 1126 1202 benignitate
1142 1139 1303 1186 monemus
1320 1127 1415 1204 atque

178 1226 358 1303 hortamur,
382 1229 435 1304 ut,
465 1224 546 1289 sicut
569 1223 718 1302 diximus,
743 1223 783 1288 ad
805 1224 967 1304 gremium,
981 1231 1108 1290 sanctae
1132 1243 1281 1293 romanae
1303 1227 1412 1292 nestris

178 1337 306 1396 uestrae
328 1329 431 1396 redire
454 1333 588 1394 ouanter
612 1328 793 1409 attendatis,
818 1335 853 1392 ut
869 1330 988 1394 clectus
1005 1347 1023 1394 a
1040 1330 1129 1396 uobis
1145 1331 1293 1396 canonice
1310 1331 1410 1396 archi·

178 1435 362 1516 episcopus,
398 1451 460 1498 una
482 1451 552 1498 cum
573 1439 679 1499 uestro
703 1435 838 1498 omnium
862 1451 1016 1500 consensu
1037 1440 1071 1500 ct
1092 1436 1265 1520 uoluntate,
1290 1437 1330 1501 sd
1353 1454 1410 1502 nos

180 1539 328 1618 ueniens,
363 1537 497 1621 gratiam
529 1538 715 1620 episcopalis
745 1539 987 1604 consecrationis
1010 1545 1216 1622 sanctumque
1239 1539 1411 1621 palliuma

177 1645 268 1710 nobis
291 1661 378 1709 more
401 1642 533 1724 pristino
557 1643 774 1708 incunctanter
794 1643 964 1724 percipiat,
995 1651 1031 1708 ut
1052 1645 1185 1726 gratiam
1210 1653 1242 1708 et
1265 1643 1412 1710 benedic·

181 1751 299 1814 tionem
323 1747 424 1812 sancti
446 1747 532 1812 Petri
556 1765 592 1812 ac
616 1754 754 1813 nostram
778 1747 929 1813 habentes
952 1767 971 1812 e
994 1748 1084 1813 malis
1108 1747 1250 1814 omnibus
1273 1748 1365 1814 liberi
1381 1755 1412 1813 et

178 1855 272 1920 bonis
301 1851 457 1918 uniuersis
488 1851 600 1934 repleti
625 1859 657 1917 et
680 1851 729 1916 hic
751 1852 782 1916 in
805 1853 965 1933 praesenti
989 1851 1114 1918 saeculo
1138 1853 1303 1934 gaudeatis
1326 1861 1359 1918 et
1380 1852 1412 1917 in

174 1939 283 2024 ¹futuro
314 1974 418 2021 cerem
451 1957 576 2022 domino
606 1959 674 2022 sine
706 1954 767 2022 fine
798 1957 907 2041 procul
943 1957 1038 2022 dnbio
1069 1957 1223 2023 exultetis.
1257 1957 1356 2024 Porro
1386 1957 1414 2024 si

177 2061 295 2144 aliquid
326 2063 365 2127 de
396 2069 487 2142 parte
518 2061 711 2129 Graecorum
741 2062 792 2127 uel
823 2061 1007 2127 Seianorum
1040 2080 1136 2145 snper
1158 2069 1267 2128 nestra
1290 2063 1330 2127 ad
1353 2081 1411 2128 nos

177 2167 360 2232 reuersione
390 2165 443 2230 uel
472 2166 710 2232 consecratione
740 2173 796 2231 aut
825 2167 865 2232 de
894 2166 979 2248 pallii
1011 2167 1213 2248 perceptione
1245 2167 1412 2233 dubitatis:

177 2273 292 2338 scitote
316 2290 373 2353 pro
397 2277 494 2352 certo,
518 2271 666 2354 quoniam
683 2275 741 2336 nos
758 2271 929 2336 secundum
954 2277 1132 2338 sanctornm
1154 2278 1280 2354 patmm
1305 2271 1412 2338 deces-

176 2393 347 2458 sorumque
376 2381 554 2442 nostrorum
584 2373 764 2457 pontificum
795 2381 915 2441 statuta
953 2395 1011 2442 nos
1042 2376 1192 2442 adiuuere
1224 2378 1412 2443 auctoritate

178 2481 366 2546 curabimus.
396 2477 488 2557 Quod
512 2479 538 2545 si
561 2477 643 2545 forte
665 2479 746 2545 banc
769 2485 908 2544 nostram
932 2478 1136 2562 apostolicam
1158 2479 1411 2560 admonitionem,
1437 2537 1444 2564 ,

174 2585 271 2650 immo
304 2585 484 2650 canonicam
515 2584 784 2666 praeceptionem,
820 2602 877 2665 pro
908 2583 1022 2649 nichilo
1054 2584 1204 2649 ducentes
1235 2584 1411 2650 adsedem

176 2689 383 2772 apostolieum
414 2707 561 2754 romanae
595 2688 748 2754 ecclesiae
779 2687 882 2754 redire
906 2694 938 2754 et
959 2689 1033 2753 inde
1057 2689 1227 2754 secundum
1252 2689 1411 2770 antiquam

175 2813 318 2859 normam
351 2793 621 2860 consecrationem
652 2792 863 2874 episcopalem
895 2809 1081 2873 sacrumque
1111 2792 1238 2874 pallium
1271 2792 1411 2874 recipere

177 2898 446 2980 contempseritis:
478 2898 562 2963 omni
584 2895 798 2962 ecclesiastica
825 2915 882 2962 uos
912 2895 1128 2961 communione
1150 2899 1262 2961 scitote
1286 2897 1411 2978 penitus

174 3003 501 3070 excommunicandos.
535 3001 665 3067 Interim
695 3007 799 3067 tumen
832 3001 1021 3066 anctoritate
1052 3001 1102 3067 dei
1133 3006 1165 3067 et
1195 3001 1294 3066 sancti
1324 3000 1410 3067 Petri

175 3110 268 3174 uobis
292 3107 510 3189 praecipimus.
535 3112 571 3171 ut
593 3124 656 3171 non
671 3106 814 3172 habeatis
830 3105 988 3172 licentiam
1005 3106 1131 3171 aliunde
1147 3109 1410 3172 consecrationem

174 3213 371 3295 palliumque
388 3214 549 3294 recipere;
575 3229 646 3276 nam
672 3211 697 3276 si
715 3209 862 3288 feceritis,
887 3212 977 3292 quasi
994 3215 1242 3294 transgressores
1259 3216 1290 3275 et
1304 3211 1412 3276 inobe-

177 3319 301 3385 dientes
325 3335 382 3382 uos
405 3317 473 3382 sine
496 3315 590 3382 dubio
614 3315 828 3381 iudicabimus.
852 3314 943 3380 Hanc
966 3321 1071 3379 autem
1096 3316 1194 3380 nostri
1216 3314 1411 3396 apostolatus

176 3422 344 3505 epistolam
367 3421 558 3486 fraternitati
580 3425 707 3486 uestrae
723 3439 779 3502 per·
794 3421 877 3484 bunc
892 3427 1088 3501 praesentem
1104 3418 1290 3498 iohannem,
1315 3437 1410 3484 uene·

176 3527 308 3593 rabilem
333 3527 589 3608 praesbyterum,
621 3523 744 3591 fidelem
768 3523 952 3589 familiarem
976 3531 1118 3588 nostrum
1142 3523 1338 3602 diremimus,2
1360 3525 1411 3589 cui

178 3633 299 3696 scilicet
329 3630 433 3712 aliqua
462 3631 650 3695 iniunximus
674 3629 765 3695 nobis
787 3630 979 3695 uerbotenus
1003 3627 1183 3706 referenda3
1219 3635 1251 3693 et
1272 3627 1343 3694 ideo
1366 3627 1410 3692 illi

177 3737 291 3821 omnia,
316 3754 399 3817 quae
421 3735 461 3799 de
483 3741 574 3816 parte
596 3742 706 3800 nostra
731 3735 842 3800 dixerit
865 3735 968 3814 uobis,
998 3734 1127 3800 eredere
1149 3732 1329 3799 nullatenus
1352 3733 1408 3799 du·

176 3841 302 3919 bitetis3
325 3841 491 3922 ipsamque
515 3839 689 3922 epistolam,
713 3845 749 3904 ut
770 3841 811 3905 ad
834 3839 971 3905 omnium
995 3844 1137 3903 uestrum
1152 3837 1294 3903 notitiam
1317 3837 1408 3916 ferat,

174 3945 263 4011 bulla
296 3951 404 4012 nostra
434 3945 580 4010 iussimus
610 3945 641 4008 in
672 3943 757 4009 calce
781 3943 907 4026 signari.
943 3944 1027 4008 Data
1048 3942 1078 4008 X
1102 3943 1152 4008 die
1175 3944 1289 4008 mensis
1311 3941 1407 4022 Junii,

173 4050 345 4116 indictione
368 4045 439 4114 ΧΠ.

263 4193 431 4267 nagistrum
447 4193 567 4252 manau
584 4191 654 4250 rm
670 4209 747 4250 saec.
764 4191 806 4250 xr
822 4191 849 4250 a
866 4173 1011 4252 saturano
1028 4193 1171 4252 vaticano.
1190 4190 1283 4265 Epist.
1305 4193 1362 4250 rea
1380 4207 1409 4264 ρ.

222 4279 338 4341 75-6,
355 4280 382 4342 J.
399 4279 523 4338 Lucius:
540 4279 577 4339 de
592 4297 676 4352 regn.
689 4279 784 4338 Dalm.
798 4283 828 4337 et
839 4277 936 4338 Oroat.
953 4281 1002 4338 lib.
1020 4281 1058 4338 ll.
1076 4297 1101 4340 c.
1121 4281 1169 4336 lt.
1187 4296 1205 4352 p
1234 4279 1285 4336 92.
1301 4277 1410 4336 blansi:

218 4367 307 4426 Cone.
331 4368 396 4426 coll.
422 4366 515 4442 XVII,
544 4368 613 4424 129.
631 4367 740 4424 basleti
757 4366 811 4439 111,
831 4368 880 4426 tt.
905 4367 941 4426 V.
959 4369 1010 4426 39.
1038 4365 1108 4425 Coti.
1128 4365 1198 4441 dipl.
1216 4362 1298 4423 OSD.
1315 4363 1338 4443 1,
1356 4365 1407 4422 62.

216 4453 309 4513 datie:
325 4458 444 4528 regesta
459 4471 530 4512 rom.
548 4457 627 4528 pont.
644 4471 689 4514 nr.
707 4453 800 4513 2481.

216 4608 221 4636 ¹
239 4605 376 4661 Jadmnsi.
451 4607 459 4636 ²
479 4605 564 4673 Quem
583 4605 675 4660 eadem
700 4607 839 4661 occasione
858 4605 892 4660 sd
909 4605 1069 4660 Miebeelem
1090 4605 1282 4674 „Bnlgarorum
1301 4603 1406 4672 regem“

173 4693 291 4767 legatum
308 4695 392 4749 mittit
410 4701 438 4748 et
456 4709 505 4764 per
517 4694 667 4765 epistolam,
686 4693 815 4765 scriptam
826 4695 843 4748 8
855 4694 922 4750 iunii
936 4695 1037 4765 (blansi
1048 4694 1134 4760 XVII,
1156 4695 1217 4754 list
1231 4693 1406 4751 commendat.
