3548 5282
1391 389 1454 454 4⁷5

211 594 385 662 exercitum
415 594 527 678 viginti
546 594 679 661 millium
701 599 896 664 armatorum
927 596 1068 679 equitum
1091 600 1125 662 et
1153 595 1298 679 peditum
1326 577 1457 676 congre·

211 703 313 781 garet.
349 697 454 778 Quum
483 698 630 766 lustratio
653 699 716 766 isto
749 699 817 784 regi
850 699 1016 783 Zolemyro
1046 719 1104 783 per
1127 698 1347 784 speculatores
1378 717 1454 767 suos

212 807 290 870 nota
312 802 438 870 reddita
467 807 565 886 esset,
588 803 657 884 ipse
689 821 815 886 quoque
838 803 922 870 vires
944 803 1086 888 adauxit,
1116 821 1154 871 oc
1176 803 1250 872 dein
1271 803 1396 885 legatos
1415 802 1458 870 ad

211 905 345 974 levirum
375 925 468 973 suum
499 907 612 975 ducem
641 907 838 974 Ludovicum
867 907 900 974 in
922 905 1120 991 Hungariam
1142 913 1275 990 propter
1301 906 1453 973 auxilium

213 1017 246 1078 et
277 1011 318 1077 ad
348 1009 546 1093 leopoldum
575 1011 610 1077 in
642 1008 839 1078 Corinthiam
867 1011 962 1092 misit,
994 1013 1047 1094 qui
1070 1011 1143 1078 huic
1171 1027 1284 1094 pacem
1306 1008 1453 1091 offerent,

213 1117 241 1182 si
262 1114 478 1201 polliceretur,
510 1133 546 1182 se
568 1114 686 1181 limites
709 1115 798 1199 regni
821 1134 883 1182 non
907 1115 1053 1197 amplius,
1087 1117 1311 1182 antenatorum
1324 1129 1455 1182 suorum

213 1236 311 1299 more,
333 1218 584 1305 adtrectaturos3
616 1218 665 1286 sin
698 1236 800 1296 secus,
830 1217 950 1288 bellum
972 1219 1033 1286 sibi
1062 1218 1264 1286 indicendum
1296 1218 1377 1284 sciat
1406 1217 1456 1286 Ad

213 1322 292 1389 haec
313 1323 478 1404 respondit
499 1323 691 1406 Leopoldus,
715 1341 750 1390 se
773 1322 856 1390 uelle
878 1323 968 1388 illum
990 1323 1023 1388 in
1038 1322 1132 1390 domo
1155 1341 1215 1389 sua
1237 1321 1326 1389 adire
1347 1321 1456 1405 ibique

213 1425 298 1494 iacto
327 1425 511 1506 ostendere,
545 1427 622 1509 quid
652 1427 721 1509 ipse
751 1432 785 1493 et
817 1425 974 1494 Corinthii
1006 1427 1055 1494 sui
1085 1431 1197 1494 contra
1229 1426 1395 1493 Dalmatas
1424 1430 1459 1492 et

214 1529 384 1613 Hongaros
413 1530 551 1597 ualeant.
582 1529 686 1598 Minas
716 1529 774 1598 has
805 1530 888 1598 illico
922 1549 993 1598 cum
1015 1529 1131 1614 gaudio
1155 1530 1343 1612 exequendo
1366 1529 1459 1596 irruit
1555 1575 1561 1586 .

215 1651 286 1700 cum
316 1634 461 1702 omnibus
492 1634 625 1702 ducibus
666 1634 732 1702 suis
765 1635 798 1701 in
821 1635 921 1702 hostis
956 1641 1091 1716 terram,
1137 1652 1274 1717 quocum
1316 1651 1389 1701 mox
1418 1634 1459 1701 ad

214 1737 425 1820 Aqoneiam³⁰
454 1741 608 1806 convenit.
640 1739 785 1807 Iusserat
820 1744 927 1806 autern
958 1739 1021 1805 dus
1054 1739 1230 1806 marchioni
1264 1737 1391 1822 Styriae
1426 1743 1458 1805 et

214 1842 380 1910 comitibus
413 1841 584 1910 Wilhelmo
615 1847 649 1909 et
684 1842 842 1924 Conrado,
875 1844 928 1926 otri
952 1843 1113 1924 conspicui
1145 1847 1178 1908 et
1208 1843 1332 1925 experti
1360 1843 1457 1909 duces

215 1952 315 2025 erant,
340 1952 377 2012 ut
400 1947 485 2014 omni
507 1947 659 2014 exercitui
679 1948 856 2032 attendant,
879 1966 920 2015 ne
943 1946 1136 2014 belliducum
1163 1946 1286 2013 incuria
1307 1946 1459 2028 probrum

105 2099 110 2104 -
216 2054 251 2116 et
288 2050 465 2132 periculum
510 2053 640 2117 oriatur.
689 2051 796 2130 Quare
840 2052 1023 2135 Zolemyrus
1068 2054 1195 2117 nostros
1235 2048 1384 2132 pacificos
1426 2053 1460 2115 et

215 2154 392 2222 immobiles
424 2154 546 2235 videns,
577 2156 635 2222 tali
668 2173 739 2223 cum
773 2157 893 2240 impetu
921 2160 956 2221 et
986 2154 1082 2238 celeri
1108 2153 1311 2222 festinatione
1339 2153 1373 2219 in
1403 2172 1459 2220 eos

212 2257 326 2339 irruit,
357 2259 442 2340 qnod
470 2259 563 2325 multi
591 2259 624 2326 in
654 2260 767 2343 vigiles
804 2259 994 2327 marchionis
1034 2259 1178 2326 Ottocari
1208 2257 1458 2342 penetraverint.

216 2361 281 2430 Sed
304 2380 401 2446 quum
423 2363 624 2447 Luitolpbus,
659 2365 806 2446 quicum
836 2363 1050 2432 belliducibus
1080 2363 1146 2430 sois
1169 2361 1342 2432 exercitum
1366 2379 1458 2429 suum

219 2467 251 2533 in
274 2467 374 2533 aciem
396 2467 458 2534 rite
489 2467 702 2550 disposuerat,
732 2467 859 2534 hostem
890 2467 923 2532 in
945 2485 1020 2534 suos
1045 2469 1168 2548 absque
1195 2467 1307 2534 ordine
1336 2466 1459 2534 irruere

217 2571 434 2638 observasset:
458 2570 565 2658 copias
588 2589 672 2656 suas,
696 2571 787 2654 quasi
808 2571 933 2638 inimico
955 2571 1059 2638 locum
1079 2571 1195 2639 cedere
1218 2570 1323 2652 uellet,
1345 2569 1460 2639 bilaric

217 2673 336 2754 divisit,
360 2675 462 2742 donec
483 2674 610 2744 hostem
633 2676 783 2758 utrinque
806 2676 965 2761 cingeret3
995 2681 1063 2742 tum
1087 2693 1257 2760 aggressus
1280 2693 1352 2742 eum
1376 2672 1458 2741 adeo

216 2778 343 2860 delevit,
368 2782 403 2844 ut
424 2779 527 2862 pauci,
551 2779 606 2861 qui
628 2779 661 2846 in
683 2780 839 2863 Zolemyri
869 2783 974 2847 cestra
1004 2778 1221 2864 confugerant,
1249 2779 1460 2846 salvarentur.

216 2880 298 2949 Tres
320 2883 482 2966 praecipui
503 2881 729 2964 Hungarorum
750 2885 933 2964 belliduooa
955 2888 1084 2966 praeter
1105 2885 1222 2950 multos
1245 2882 1324 2950 alios
1346 2879 1460 2965 viginti

216 2987 469 3053 Dalmatinorum
493 3003 644 3069 proceres
671 3006 806 3072 magnae
838 2988 1002 3072 dignitatis
1029 2993 1062 3055 et
1096 2986 1225 3070 originis
1248 3005 1318 3052 cum
1341 2984 1459 3052 illustri

216 3091 382 3158 nobilitate
413 3091 447 3157 in
480 3091 550 3158 loco
581 3109 710 3176 pugnae
743 3091 828 3160 caesi
859 3097 944 3158 sunt.
976 3091 1057 3159 Tum
1088 3091 1188 3158 nostri
1211 3090 1321 3174 spoliis
1349 3087 1454 3156 onusti

215 3195 293 3264 laeti
315 3197 443 3263 domum
464 3196 584 3264 reversi
606 3200 690 3264 sunt.

303 3355 386 3418 Hier.
410 3355 555 3432 liegiser:
582 3354 715 3416 Annalem
738 3355 918 3418 Corinthiae.
941 3355 1061 3434 Lipsiae
1087 3357 1178 3418 1612.
1202 3354 1253 3414 lib.
1281 3353 1348 3432 Vll,
1365 3371 1391 3415 c.
1408 3355 1460 3416 32.

260 3459 330 3519 pag.
346 3443 483 3505 742-5.
496 3437 657 3504 Vertontes
672 3459 689 3503 e
705 3441 875 3518 germanico
890 3442 920 3503 in
935 3443 1057 3504 latinum
1077 3460 1139 3503 rem
1155 3445 1268 3503 butum
1284 3440 1462 3501 edomantis

262 3545 450 3590 omm1s1mns.

303 3614 387 3676 Hier.
410 3615 540 3692 liegiser
555 3611 587 3690 (†
605 3609 702 3696 1616)
718 3613 758 3674 ad
773 3611 975 3676 confirmanda
991 3631 1067 3691 quae
1082 3615 1112 3674 in
1127 3613 1184 3675 hoc
1199 3615 1296 3691 capite
1312 3613 1350 3674 de
1366 3613 1458 3690 gestis

262 3700 344 3761 ducis
359 3701 511 3778 Luitolphi
526 3705 637 3777 namet,
653 3704 797 3778 provocat
812 3718 844 3762 se
859 3701 899 3761 ad
914 3718 1008 3778 opera
1032 3701 1148 3762 Nicolai
1168 3700 1323 3762 Claudiani
1339 3697 1383 3780 (in
1399 3699 1457 3760 far·

260 3785 389 3868 regine),
405 3789 528 3849 loannis
542 3787 682 3848 Aventini
698 3783 813 3868 (chron.
830 3787 977 3848 Bavariao
992 3788 1042 3849 lib.
1057 3785 1108 3867 V),
1123 3788 1170 3848 W.
1183 3787 1266 3848 Laaii
1285 3787 1335 3866 (de
1350 3785 1456 3862 migra-

261 3873 340 3935 tione
356 3875 486 3950 genlium
501 3875 550 3936 lib.
566 3871 632 3953 Ἦ),
660 3873 788 3935 Conradi
812 3874 928 3934 abbatis
944 3874 1157 3951 Urepergensis
1172 3868 1262 3956 (alias
1276 3871 1458 3932 Elrluhardus

261 3961 465 4037 Uraogiensis.
481 3961 593 4021 Porta:
616 3961 694 4023 Mon.
720 3960 819 4021 Germ.
836 3960 887 4020 SS.
905 3960 956 4038 Vl,
977 3955 1150 4041 17-267),
1166 3959 1289 4020 Joannis
1312 3957 1459 4034 Stumphii

260 4042 663 4128 (1500-1566)‚Hu1drioi
679 4047 767 4108 Mucii
782 4045 871 4126 (alias
882 4047 1078 4123 Hugobaldus
1090 4047 1217 4121 Ululeus,
1237 4046 1318 4105 1496
1332 4049 1350 4115 †
1364 4045 1457 4104 1571.

259 4133 298 4194 V.
314 4134 472 4194 Pistorius:
489 4132 653 4210 Scriptores
669 4131 846 4193 Germaniae
863 4139 882 4192 t.
896 4134 936 4208 II,
949 4150 978 4209 p.
997 4135 1058 4194 605
1071 4129 1125 4214 ss),
1139 4149 1194 4193 nec
1208 4149 1267 4192 non
1282 4131 1322 4191 ad
1337 4129 1459 4205 antiqua

261 4220 437 4281 documenta
458 4237 548 4280 manu
569 4220 680 4296 scripta
702 4213 788 4302 („die
811 4221 891 4280 alten
915 4218 1063 4280 Schriften
1085 4221 1138 4280 der
1163 4218 1315 4279 Reichnau
1343 4214 1403 4276 uod
1429 4215 1458 4278 S.

262 4305 368 4366 Gallen
393 4307 422 4365 in
445 4302 636 4386 Schweitffl).
659 4307 830 4383 llragmenti
855 4305 948 4366 nostri
972 4304 1094 4366 debelii
1116 4307 1192 4366 inter
1214 4302 1404 4380 Luitolphum
1428 4307 1459 4362 et

265 4392 451 4452 Svinimirum
474 4393 504 4452 in
526 4393 606 4454 nullo
623 4393 767 4454 dictorum
790 4394 967 4471 scriptorum
990 4395 1166 4469 exterorum,
1182 4393 1324 4466 quantum
1339 4390 1457 4466 perqui-

265 4496 331 4539 rere
346 4479 502 4556 potuimus,
519 4479 676 4556 vestigium
692 4480 847 4556 reperitur.
864 4479 1018 4540 Scribendi
1034 4479 1109 4538 ratio
1124 4477 1247 4536 nominis
1263 4475 1458 4536 chroatorum

262 4566 343 4640 regis
360 4561 524 4646 (Zolomyr)
541 4567 661 4626 innuere
683 4565 808 4647 videtur,
832 4572 982 4626 auctorem
998 4584 1015 4626 e
1030 4565 1191 4642 hungarico
1206 4563 1287 4623 fonto
1302 4563 1456 4640 hausisse3

261 4669 364 4713 rernm
379 4653 444 4728 ipsc
459 4653 490 4714 in
505 4653 640 4714 omnibus
655 4651 801 4714 adiunctis
815 4669 873 4713 non
889 4653 1027 4714 convenit
1049 4669 1114 4713 cum
1129 4650 1308 4728 nutatione,
1324 4665 1402 4726 quae
1418 4647 1456 4710 de
