3572 5276
753 617 883 688 207.

371 787 536 854 Obroatiae
558 798 586 854 cl
608 789 735 854 Scrbioe
758 791 846 856 albae
868 793 949 856 altae
971 791 1102 856 dimidio
1125 811 1203 856 auec.
1228 787 1271 854 X.

244 923 286 989 Οἱ
307 917 340 990 δὲ
363 924 522 1014 Χρωβάτοι
551 928 705 1012 κατῴκουν
727 953 807 1000 τονι-
880 928 1033 996 Chrobali
1048 947 1124 995 vero
1144 930 1236 994 tunc¹
1256 929 1444 995 habitabant

201 1032 316 1093 κιοῦσαι
346 1031 459 1095 ἐκεῖθεν
489 1029 706 1120 Rapui-lapelee,
733 1035 809 1096 ἔνθα
838 1035 924 1100 ultra
938 1033 1178 1120 Bagibaream⁹‚
1200 1033 1255 1099 ubi
1269 1051 1353 1098 nunc
1368 1037 1444 1099 sunt

201 1127 268 1197 riola
291 1137 395 1222 ἀρτίως
418 1138 444 1198 οἱ
466 1133 702 1224 Βελοχρωβάτοι.
837 1137 1070 1205 Beloohrobati.

245 1233 288 1300 Οἱ
317 1228 350 1303 δὲ
379 1242 475 1304 λοιποὶ
504 1238 664 1328 Χρωβάτοι
696 1245 808 1326 ἔμειναν
883 1239 1012 1309 (iactari
1041 1259 1117 1308 voro
1149 1239 1303 1316 Chrobali
1332 1258 1443 1308 versus

201 1341 272 1428 πρὸς
291 1341 456 1431 Φραγγίαν,
479 1347 528 1408 καὶ
551 1345 690 1432 λέγονται
706 1347 809 1431 ἀρτίως
838 1346 1005 1413 Franciam
1028 1346 1313 1431 commorabantur,
1336 1351 1370 1412 et
1388 1363 1444 1434 ap·

202 1443 429 1534 Βελογροβάτοι
450 1448 541 1537 ἤγουν
563 1447 667 1537 άσπροι
686 1447 809 1536 Χρωβά-
839 1450 1000 1532 pellantur
1022 1449 1118 1516 bodie
1132 1449 1355 1516 Belochrobati
1377 1449 1443 1514 eive

200 1551 274 1626 τοιθ,
297 1555 416 1638 ἔχοντες
429 1553 482 1615 τὸν
495 1543 564 1616 ἴδιον
581 1552 721 1641 οἷρχονοτοιι
739 1553 809 1617 ὑπό-
842 1553 996 1620 Chrobati
1019 1554 1110 1639 aibr,
1134 1554 1187 1635 qui
1210 1553 1339 1636 proprio
1356 1553 1444 1634 prin·

200 1677 311 1718 reram
340 1645 373 1719 δὲ
398 1652 489 1738 Ὤτῳ
518 1667 564 1738 τῷ
593 1656 717 1744 μεγάλῳ
746 1659 811 1746 pluri
841 1659 903 1740 cipi
925 1658 1059 1724 subiecti
1083 1664 1173 1736 sunt;
1201 1663 1317 1738 parent
1338 1661 1443 1722 autem

201 1757 355 1847 Φραγγίας
377 1769 431 1833 τῆς
445 1763 495 1824 καὶ
509 1757 626 1845 Σαξίας,
646 1765 695 1824 καὶ
711 1759 809 1842 άβάπ-
840 1762 953 1842 Ottoni
967 1781 1081 1844 magno
1098 1763 1166 1844 regi
1180 1761 1343 1845 Franciae,
1361 1779 1443 1843 quae

200 1863 719 1953 ονοτοιτογγάνοοσι,σομπε11ερίας
731 1865 809 1950 μετὰ
840 1872 872 1931 et
888 1864 1042 1945 Saxonia;
1066 1865 1277 1948 baptismique
1297 1870 1444 1946 expertes

199 1968 270 2042 τοὺς
291 1965 437 2056 Τούρκοος
466 1971 516 2033 καὶ
537 1969 657 2058 ἀγάπαις
679 1974 806 2055 ἔχοντες.
838 1967 1025 2036 affinitatem
1048 1988 1118 2034 cum
1142 1969 1254 2038 Turcis
1276 1973 1308 2036 et
1337 1969 1443 2034 amici-

244 2069 320 2136 “Ort
342 2076 369 2136 οἱ
391 2070 550 2160 Χρωβάτοι
571 2077 598 2136 ol
619 2078 657 2146 εἰς
677 2074 718 2137 τοὶ
733 2072 808 2136 Δελ-
840 2075 916 2139 tiam
939 2073 1138 2140 contrahunt.

201 2179 309 2262 ματίας
337 2187 386 2240 νῦν
414 2187 619 2252 κατοικοῦντες
647 2176 718 2264 μέρη
749 2157 808 2240 niro
883 2176 1046 2261 Chrobati,
1070 2178 1124 2259 qui
1139 2177 1319 2244 Dalmatiae
1334 2180 1443 2260 partos

200 2290 262 2344 τῶν
284 2283 477 2364 ἀβαπτίοτων
493 2279 666 2369 Χρωβάτων
684 2283 734 2344 καὶ
748 2289 808 2343 τῶν
839 2299 922 2347 nuno
937 2281 1125 2362 inhabitant,
1148 2301 1168 2347 a
1182 2281 1350 2347 Chrobalis
1365 2281 1444 2362 bop-

201 2383 319 2472 άσπρονν
333 2383 593 2473 ἐπονομαζομένων
615 2383 808 2472 κατάγονται,
839 2387 924 2452 tismi
947 2387 1147 2468 expertibus
1171 2386 1280 2468 quiet
1302 2385 1366 2452 albi
1389 2402 1444 2466 ap·

202 2491 301 2563 οῑτινες
323 2485 476 2578 Τοορκίας·
493 2488 546 2576 μὲν
568 2490 681 2552 ἐκεῖθεν
703 2487 806 2577 Φραγ-
837 2489 998 2572 pellantur
1032 2490 1186 2572 originem
1219 2490 1354 2564 ducunt,
1390 2489 1444 2572 qui

200 2595 265 2680 γίας
287 2584 320 2658 δὲ
341 2598 464 2665 πλησίον
487 2603 663 2684 κατοοοοοσαΙ
685 2596 735 2656 καὶ
758 2616 806 2656 σο-
838 2613 915 2661 sane
937 2595 1023 2661 ultra
1047 2594 1194 2660 Turciam
1222 2613 1321 2676 prope
1343 2594 1443 2660 Fran-

201 2707 310 2784 νοροῢσι
341 2696 486 2780 Σκλάβοις
522 2709 582 2772 τοῖς
618 2699 810 2781 ἀβαπτίστοις
840 2699 919 2764 uiam
943 2699 1085 2765 incolunt
1114 2702 1147 2765 et
1170 2697 1291 2764 Solonis
1319 2703 1443 2764 contar·

200 2799 345 2885 Σέρβλοις.
837 2802 913 2868 mini
937 2808 1019 2884 sunt,
1043 2822 1106 2869 non
1124 2801 1297 2884 baptizatis
1313 2800 1442 2868 Serblis.

244 2901 321 2970 Ὀτι
352 2911 371 2978 ἡ
406 2905 522 2994 μεγάλη
561 2905 723 2993 Χρωβατία
755 2908 804 2969 καὶ
879 2905 997 2989 Magna
1020 2910 1128 2972 autem
1155 2905 1337 2986 chrobatia,
1361 2924 1443 2988 quae

200 3007 338 3097 ήάσπρη
362 3009 599 3098 ὲπονομαζομένσ
628 3009 811 3094 ἀβάπτιστος
840 3010 936 3077 otiam
960 3010 1033 3076 alba
1059 3011 1307 3093 cognominatur,
1331 3011 1364 3074 in
1386 3009 1443 3076 ho·
1537 3021 1542 3028 ”

200 3115 342 3203 τυγχάνει
364 3115 448 3203 μέχρι
466 3125 521 3189 τῆς
549 3115 680 3203 σάμερον,
704 3114 809 3187 καθὼς
838 3115 983 3181 diemum
1013 3133 1115 3197 usque
1144 3115 1229 3181 diem
1265 3115 1333 3180 sine
1366 3114 1442 3195 bap-

200 3221 250 3282 καὶ
273 3223 299 3283 ol
320 3220 531 3304 πλησιάζοντες
560 3220 653 3290 αὐτὴν
675 3217 807 3307 Σέρβλοι,
840 3219 932 3285 tismo
956 3226 1014 3298 est,
1038 3219 1303 3301 quemadmodum
1326 3223 1359 3283 et
1374 3216 1442 3282 fini·

201 3323 375 3412 ὀλιγώτερον
400 3325 617 3412 καβαλλαρικὸν
647 3322 810 3407 ἐκβάλλοο-
840 3323 909 3389 timi
932 3323 1044 3390 Serbli.
1067 3323 1218 3405 Equitem
1241 3321 1444 3405 peditemque

199 3449 252 3511 ora,
265 3429 370 3514 ὁμοίιος
381 3429 430 3491 καὶ
441 3427 556 3512 πεζικὸν
572 3427 652 3515 παρά
663 3427 719 3496 τὴν
731 3429 807 3510 βαπ-
838 3445 903 3491 non
925 3427 1023 3492 habet
1042 3432 1107 3494 tam
1122 3443 1325 3492 numerosum
1349 3443 1443 3505 quam

199 3530 337 3620 τοσγένην
367 3529 544 3619 Χρωβατίαν
574 3535 614 3605 ὡς
635 3529 805 3617 σονεγέστε-
836 3530 997 3612 baptizata
1020 3528 1212 3610 Chrobatia3
1242 3527 1359 3612 quippe
1380 3525 1443 3593 fre-

199 3658 246 3722 ρον
261 3625 477 3722 πραιδευὸμενοι
491 3633 571 3721 παρὰ
583 3643 690 3698 τετῶν
701 3632 804 3721 Φράγ-
836 3634 1006 3715 ouantibus
1036 3634 1269 3700 incursionibus
1291 3632 1443 3699 infestata

198 3762 261 3826 γων
282 3741 331 3802 καὶ
346 3735 483 3826 Τούρκων
499 3740 548 3801 καὶ
563 3735 807 3822 Πατζινακοτῶν.
837 3737 1048 3818 Francorum,
1080 3736 1271 3816 Turoarum,
1295 3737 1443 3802 Patziua-

199 3844 267 3908 ἀλλ’
297 3833 364 3908 οὐδὲ
394 3843 523 3932 οαγάνας
550 3841 712 3914 κέκτηνται
740 3841 809 3906 οὔτε
840 3843 981 3908 citarum.
1014 3841 1127 3925 Ne'que
1158 3860 1309 3922 sagenas,
1341 3859 1445 3921 neque

198 3939 353 4035 κονδούροις
384 3947 454 4012 οὔτε
483 3946 680 4035 ἐμπορευτικοὶ
709 3950 809 4022 πλοῖα,
842 3947 998 4014 conduras
1035 3946 1111 4012 item
1149 3950 1206 4010 aut
1242 3944 1367 4026 navigia
1404 3943 1445 4007 ad

197 4058 237 4127 ὡς
266 4051 400 4140 panae
433 4051 521 4126 riom
553 4062 608 4125 τῆς
639 4050 805 4125 θαλάσσης·
839 4063 1052 4118 mercaturam
1070 4050 1176 4128 habet,
1200 4052 1313 4129 utpote
1329 4067 1349 4112 a
1365 4049 1445 4112 mari

198 4157 260 4221 άπὸ
282 4156 338 4245 γάρ
360 4165 421 4220 τῶν
451 4157 543 4221 ἐκεῖσε
569 4155 653 4244 μέχρι
674 4165 729 4229 τῆς
750 4157 810 4218 θα-
839 4161 980 4234 remota,
1013 4174 1032 4219 a
1063 4171 1125 4235 quo
1156 4151 1283 4233 quidem
1315 4151 1447 4234 triginta

197 4261 309 4334 λάσσος
330 4251 396 4335 ὁδός
425 4261 503 4324 ἐστιν
532 4265 645 4348 ἡμερῶν
670 4259 706 4326 λ’.
730 4263 749 4329 a
772 4249 805 4323 δὲ
835 4261 958 4326 dierum
973 4259 1086 4324 itinere
1102 4257 1210 4340 distat,
1224 4273 1313 4321 mare
1327 4259 1449 4341 autem,

197 4363 342 4430 θάλασσα
365 4370 403 4438 εἰς
424 4363 459 4435 ἥν
489 4355 537 4428 διά
559 4374 619 4428 τῶν
641 4368 754 4451 ἡμερῶν
777 4366 805 4425 λ·
837 4383 856 4429 a
879 4381 942 4445 quo
965 4362 1102 4429 totidum
1125 4360 1249 4426 dierum
1268 4359 1382 4426 itinere
1399 4359 1446 4425 di-

198 4468 405 4558 κατέρχονται,
429 4471 506 4534 ἐστὶν
527 4474 547 4540 ἡ
569 4468 714 4556 λεγομένη
733 4465 810 4532 Σκο-
842 4472 917 4546 stat,
948 4467 1024 4533 illud
1048 4472 1107 4546 ost,
1131 4465 1217 4548 quod
1240 4463 1365 4547 nigrum
1392 4481 1446 4544 ap·

198 4575 291 4645 τεινὴ.
838 4570 986 4654 pellatur.

243 4675 349 4742 ’ἰστέον
382 4677 430 4742 bn
459 4681 486 4742 οἱ
516 4675 638 4764 Σίρβλοι
669 4677 731 4740 ἀπὸ
752 4683 812 4739 τῶν
887 4673 1059 4742 Sciendum
1076 4679 1127 4738 eet
1142 4671 1273 4740 Seruios
1296 4670 1447 4740 oriundos

1301 4779 1340 4840 27
