3572 5276
741 607 870 682 222.

185 735 235 796 ludo
249 735 275 795 ab
290 751 310 794 a
325 732 384 793 llil.

440 865 473 931 Ε
492 869 557 932 otto
580 867 606 931 b.
629 865 767 934 Jooaoie
790 867 924 954 episcopi
947 865 1164 952 cooperientia.

226 1024 380 1092 Conditor
401 1023 532 1090 humani
554 1024 681 1108 generis
705 1024 851 1093 dominus
879 1029 997 1105 noster,
1025 1024 1134 1091 uolens
1149 1025 1313 1103 ecclesiae,
1330 1041 1426 1105 quam

182 1129 239 1194 filii
269 1130 318 1196 sui
347 1128 428 1195 iesu
458 1127 587 1212 Christi,
619 1129 806 1196 dormientis
836 1129 870 1194 iu
893 1146 996 1206 cruce,
1028 1128 1182 1212 sanguine
1213 1127 1425 1200 dedicaverat,

182 1233 390 1300 fundamenta
413 1230 612 1299 stabilirem
635 1232 794 1300 montibus
817 1238 1011 1310 sanctorum,
1034 1233 1075 1298 ad
1097 1233 1196 1313 ipsius
1219 1229 1344 1298 roboris
1373 1227 1426 1295 fir-

183 1339 326 1403 mitatem
362 1337 443 1403 alios
478 1335 577 1418 elegit
610 1336 783 1421 apostolos,
815 1354 950 1419 qaorum
983 1335 1230 1419 praedicationis
1265 1351 1362 1402 sonas
1393 1332 1427 1400 in

181 1459 309 1507 omnem
339 1446 458 1506 terram
481 1441 598 1525 exiret3
622 1439 703 1506 alios
725 1440 855 1520 quidam
877 1446 1042 1523 martyres,
1079 1441 1133 1521 qui
1158 1459 1216 1522 pro
1246 1436 1426 1507 testimonio

182 1542 258 1610 fidei
281 1544 351 1609 eius
374 1549 408 1609 et
436 1543 507 1626 lege
531 1543 705 1622 servanda,
738 1543 828 1609 uelut
856 1543 1020 1626 agonistae
1047 1541 1230 1626 fortissimi,
1262 1559 1363 1624 usque
1384 1540 1427 1607 ad

180 1653 317 1714 mortem
348 1653 512 1714 certantes
542 1646 729 1730 sanguinem
760 1649 923 1728 proprium
947 1645 1135 1727 eluderent3
1167 1646 1321 1728 quosdam
1350 1662 1426 1710 vero

182 1750 403 1834 confessores,
439 1752 494 1832 qni
528 1751 603 1817 licet
635 1769 699 1817 non
734 1751 969 1817 succubuerunt
1003 1751 1118 1835 gladiis
1153 1749 1426 1832 persequentium,

184 1853 407 1939 crucifigentes
441 1863 548 1921 tamen
581 1871 707 1921 carnem
742 1874 831 1921 suam
865 1873 934 1920 oum
967 1855 1053 1922 vitiis
1086 1860 1120 1922 et
1151 1851 1425 1936 concupiscentiis,

182 1959 322 2042 palmam
345 1958 488 2040 martyrii
511 1959 691 2024 nullatenus
714 1959 899 2024 amiserunt.

227 2063 278 2131 De
310 2081 444 2146 quornm
478 2062 638 2130 consortio
672 2062 802 2128 beatum
836 2063 1004 2144 loannem,
1043 2060 1256 2146 traguriensis
1288 2059 1426 2126 civitatis

183 2166 369 2246 antistitem,
398 2165 497 2233 fuisse
527 2166 695 2232 credimus.
724 2165 785 2244 Qui
815 2166 904 2233 cuius
936 2167 1021 2232 vitae
1052 2166 1103 2234 vel
1124 2164 1229 2232 meriti
1252 2161 1358 2244 fuerit,
1394 2167 1428 2228 et

182 2269 321 2352 qualiter
351 2269 392 2336 ad
422 2271 543 2351 apicem
573 2268 693 2337 infulae
722 2268 914 2352 pontificalis
936 2271 1128 2352 pervenerit,
1159 2287 1296 2350 sequens
1319 2272 1427 2334 textus

182 2373 298 2442 edocet
319 2373 496 2442 manifeste,

227 2475 438 2560 Temporibus
460 2477 559 2560 igitur
602 2476 793 2560 C(rasimiri)
815 2477 902 2560 regis
926 2475 1174 2559 (chroatorum),
1206 2493 1277 2543 oum
1301 2474 1429 2558 quidam

183 2579 310 2663 legatus
333 2583 393 2665 (sc.
420 2580 581 2648 lohannes
604 2580 815 2663 cardinalis),¹
838 2581 880 2647 ab
902 2581 982 2647 urbe
1005 2582 1107 2648 Roma
1121 2581 1237 2647 missus
1261 2581 1302 2646 ad
1320 2584 1429 2661 partes

184 2682 400 2766 Salauoniae,⁹
428 2685 553 2752 intrans
583 2685 776 2752 Dalmatiam
805 2685 946 2752 venisset
973 2687 1006 2752 in
1033 2686 1194 2752 civitatem
1216 2682 1428 2763 Jadratinam,

184 2795 356 2854 occurrunt
387 2789 417 2855 ei
448 2789 533 2855 cives
563 2789 806 2874 Tragurienses,
838 2796 983 2870 orantes,
1014 2795 1051 2855 ut
1080 2807 1138 2872 per
1168 2793 1288 2856 terram
1318 2805 1428 2854 eorum

183 2888 247 2956 iter
269 2889 398 2972 faceret,
423 2891 498 2974 quia
516 2893 628 2960 civitas
640 2911 707 2976 sua,
732 2895 851 2960 crebris
865 2891 1022 2960 bellorum
1040 2893 1218 2959 incursibus
1235 2890 1426 2958 diutissima·

183 3013 247 3078 que
277 2995 391 3061 ciuium
421 2996 620 3064 dissensione
651 2997 788 3080 agitata,
820 2997 1032 3064 destructioni
1073 2999 1215 3080 proxima
1253 2995 1426 3063 ferebatur.

185 3097 247 3177 Qui
276 3098 445 3183 legationis
478 3101 638 3167 iniunctae
672 3101 735 3167 sibi
765 3101 852 3168 nulla
882 3101 1008 3184 potiora
1041 3102 1132 3168 initia
1165 3121 1200 3169 se
1223 3118 1318 3184 posse
1353 3098 1430 3165 dare

186 3202 400 3284 considerans,
435 3221 530 3285 quam
563 3205 596 3269 in
629 3205 718 3272 initio
752 3206 873 3271 viarum
911 3223 1040 3271 suarum
1061 3204 1165 3271 civilia
1186 3203 1272 3271 bella
1301 3219 1428 3286 pacare,

186 3305 334 3388 petitioni
363 3307 577 3375 conscendens
606 3309 741 3388 illorum,
776 3326 847 3375 cum
871 3309 934 3374 illis
956 3309 1116 3392 navigavit
1136 3309 1178 3375 ad
1207 3309 1330 3374 urbem.
1365 3307 1429 3374 Ubi

186 3411 270 3476 datis
305 3411 499 3478 salutaribus
533 3412 660 3478 monitis
691 3411 880 3478 seditionem
910 3412 1033 3480 sedavit
1056 3412 1219 3495 antiquam
1243 3417 1276 3480 et
1305 3411 1428 3478 civilem

188 3515 381 3580 discordiam
403 3515 491 3597 pacis
515 3516 683 3582 concordia
706 3516 920 3584 commutavit.

232 3617 357 3685 Moram
381 3622 490 3685 autem
513 3637 550 3686 eo
573 3619 709 3687 iaciente
731 3623 764 3686 in
787 3620 992 3702 Traguriensi
1026 3620 1163 3700 civitate,
1188 3621 1322 3704 contigit
1344 3621 1429 3688 eius-

187 3722 260 3788 dem
284 3721 372 3788 urbis
394 3723 575 3804 praesulem
597 3723 637 3790 de
658 3725 821 3805 praesenti
844 3724 910 3789 vita
931 3723 1078 3806 migrare.
1102 3726 1180 3791 Post
1194 3725 1285 3790 cuius
1308 3724 1430 3791 obitum

187 3824 294 3892 clerus
318 3833 351 3892 et
373 3826 511 3908 populus
532 3827 701 3892 universus
724 3826 766 3892 ad
788 3826 929 3910 legatum
963 3829 1188 3894 convenientes
1213 3827 1429 3910 deprecaban-

188 3935 242 3994 tur
275 3934 350 3995 voto
384 3929 530 4012 supplici,
554 3936 589 3996 ut
620 3929 667 3996 eis
702 3929 889 4013 dignaretur
920 3931 1086 4012 prendere
1108 3939 1272 4013 pastorem
1295 3931 1336 3998 de
1369 3931 1428 4015 his,

189 4049 271 4114 quos
293 4032 327 4097 in
348 4051 407 4099 suo
438 4033 616 4099 adalunarat
650 4032 813 4099 comitatu.
849 4031 940 4111 Quod
964 4052 1035 4101 oum
1057 4033 1117 4100 sibi
1140 4053 1237 4116 grave
1267 4034 1430 4102 videretur

187 4135 368 4218 admodum,
393 4141 460 4202 tum
484 4141 616 4218 propter
631 4124 754 4219 patriae
770 4136 974 4220 longinquam
990 4136 1182 4223 distantiam,
1208 4143 1275 4202 tum
1297 4145 1430 4221 propter

190 4239 336 4306 diversos
358 4257 463 4305 mores
498 4245 532 4305 et
561 4238 709 4306 instituta
738 4239 895 4320 locorum,
930 4247 998 4306 tum
1029 4241 1125 4308 etiam
1156 4243 1231 4327 quia
1260 4239 1431 4308 difficulter

189 4343 341 4427 sperabat
363 4361 436 4408 esse
459 4360 627 4424 personam
649 4343 682 4408 in
706 4361 763 4410 suo
787 4345 939 4411 comitatu
962 4345 1003 4411 ad
1025 4343 1085 4411 hoo
1105 4345 1326 4426 uoluntariam,
1348 4347 1430 4413 uotis

190 4445 316 4514 illorum
349 4446 533 4529 aquiescere
562 4447 741 4514 recusabat.
777 4446 923 4514 Assiduis
945 4449 1071 4514 demum
1100 4448 1248 4531 precibus
1278 4446 1432 4534 fatigatas

190 4570 309 4634 corum,
330 4550 554 4619 animadvertit
576 4553 659 4619 inter
682 4551 814 4618 clericos
836 4553 1005 4619 comitatus
1028 4551 1077 4618 sui
1112 4553 1269 4634 quendam
1301 4553 1432 4621 iuvenili

192 4655 297 4732 adbuc
329 4660 447 4740 aetate,
481 4659 589 4722 tamen
612 4655 746 4736 lenitate
777 4651 950 4741 florentem,
971 4673 1090 4740 genere
1111 4655 1279 4744 nobilem,⁸
1298 4657 1431 4726 scientia

1283 4765 1326 4829 29
