3602 5304
1452 341 1516 403 229

273 543 300 607 si
335 548 431 624 ponte
462 546 597 626 jungere
630 543 809 609 inconsulto
843 543 1036 625 imperatore
1067 549 1227 621 tentaret,
1264 561 1327 607 non
1357 561 1514 625 passurus

273 651 369 712 esset.
400 645 468 725 Ille,
493 665 555 710 non
578 651 615 710 ut
637 647 803 728 quicquam
827 648 902 711 maii
925 647 1076 712 Romanis
1098 646 1349 726 machinaretur,
1385 651 1513 727 pontem

274 768 310 814 se
340 754 463 816 struere
493 750 553 827 ait;
584 750 641 816 sed
672 756 708 816 ut
737 755 848 815 contra
870 749 1033 816 Sclavinos
1056 741 1146 840 (κατὰ
1168 743 1358 842 Σκλαβηνῶν)
1381 749 1509 830 expedi·

273 853 394 918 tionem
416 854 609 933 susciperet:
633 871 668 920 se
689 853 876 920 transmisso
900 853 981 932 Sao,
1012 859 1046 918 et
1068 851 1181 918 finibus
1204 853 1513 935 Romanorumper-

273 956 391 1034 cursis,
421 974 533 1023 rursus
555 956 672 1022 Istrum
698 958 921 1039 trajectarum,
952 957 1061 1022 multis
1085 957 1126 1021 ad
1150 956 1370 1037 trajectionem
1392 956 1433 1026 ab
1455 957 1512 1022 im·

273 1065 423 1142 peratore
452 1061 667 1126 Romanorum
697 1060 874 1142 impetratis
905 1061 1047 1126 navibus.
1079 1059 1167 1125 Idem
1198 1078 1233 1125 se
1260 1061 1326 1142 jam
1356 1067 1452 1126 antea
1482 1063 1514 1126 in

272 1164 406 1246 gratiam
421 1163 635 1230 Romanorum
650 1163 852 1245 imperatoris
868 1163 992 1240 fecisse,
1008 1171 1042 1229 et
1060 1162 1158 1229 multa
1171 1165 1385 1230 Romanomm
1401 1164 1510 1250 millia,

273 1267 327 1348 qui
358 1267 389 1332 in
420 1267 606 1332 servitutem
637 1286 657 1332 a
687 1266 841 1332 Sclavinis
871 1269 993 1333 redacti
1022 1266 1173 1346 fuissent,
1206 1268 1356 1334 libertate
1387 1267 1513 1348 donata,

274 1371 424 1437 Romanis
447 1371 634 1438 restituisse.
659 1369 752 1436 Nunc
774 1389 849 1436 vero
873 1371 1016 1448 dicebat,
1049 1391 1084 1438 se
1107 1389 1127 1436 a
1149 1370 1305 1438 Sclavinis
1325 1371 1441 1453 injuria
1465 1371 1512 1436 ai·

275 1472 391 1540 tectum
426 1475 502 1554 quia
523 1472 645 1540 nollent
664 1475 819 1542 tributum
842 1477 1011 1556 quotannis
1033 1475 1089 1540 illo
1111 1481 1255 1556 tempore
1279 1475 1431 1540 indictum
1454 1473 1514 1541 sibi

275 1577 418 1655 solvere,
447 1584 515 1642 tum
538 1578 636 1643 etiam
658 1579 733 1658 quia
754 1577 893 1644 Avarum
916 1579 1039 1662 legatos
1062 1597 1082 1643 a
1104 1597 1139 1644 se
1162 1578 1277 1644 misses
1299 1577 1514 1658 sustulissent,

273 1687 398 1748 sicam
421 1699 494 1748 esse
517 1698 645 1746 causam
669 1698 724 1746 cur
747 1681 788 1746 ad
813 1680 909 1748 Saum
933 1684 1130 1748 accessisset.
1165 1682 1279 1763 Itaque
1303 1680 1436 1748 Sethum
1461 1701 1515 1748 en·

274 1785 380 1868 cipere
400 1785 497 1868 jussit
520 1785 660 1866 legatos,
691 1803 770 1866 quos
794 1785 833 1850 ad
857 1786 1079 1868 imperatorem
1103 1787 1267 1864 mittebat,
1291 1786 1345 1868 qui
1369 1791 1516 1868 peterent

271 1895 308 1954 ut
331 1889 393 1954 sibi
415 1889 447 1952 in
472 1886 637 1954 Sclavinos
660 1890 831 1954 traiecturo
855 1909 954 1956 naves
976 1909 1034 1972 per
1056 1891 1173 1955 Istrum
1197 1896 1414 1971 praepararet.
1449 1888 1513 1955 Ad·

269 1991 357 2076 jeeit,
381 2011 417 2058 se
439 2010 498 2074 per
520 2011 561 2057 ea
583 2011 666 2074 quae
688 1998 721 2057 et
743 1993 828 2074 apud
851 1993 1013 2058 Romanos
1035 1999 1068 2059 et
1091 1992 1210 2058 Avares
1237 1993 1435 2070 sanct-issima
1457 1993 1514 2059 ha·

270 2096 402 2188 heutur,
424 2102 571 2176 paratum
590 2097 717 2176 jnrare,
743 2115 779 2161 se
802 2096 922 2161 nullum
947 2097 1095 2162 damnum
1119 2097 1259 2180 cogitare
1283 2103 1340 2162 aut
1360 2096 1514 2162 Romanis

271 2203 327 2264 aut
349 2199 466 2281 oppido
490 2197 604 2269 Sirmio
626 2197 764 2279 inferre,
795 2198 852 2264 sed
874 2204 1016 2280 tantum,
1048 2217 1111 2282 quo
1134 2200 1194 2264 sibi
1217 2200 1337 2264 aditum
1361 2199 1402 2264 ad
1426 2197 1513 2265 Scla-

271 2301 361 2368 vinos
385 2299 576 2383 patefaciat,
605 2307 734 2383 pontem
757 2299 862 2368 iacere
885 2299 1072 2369 instituisse.
1104 2301 1164 2368 His
1186 2302 1316 2384 qrridem
1340 2299 1457 2368 Sethua
1479 2307 1514 2368 et

226 2464 228 2468 ,
270 2403 421 2484 Romani,
456 2407 512 2488 qui,
541 2399 722 2487 Singedone
753 2409 860 2486 erant,
895 2405 1021 2472 minime
1051 2404 1208 2486 fidebant3
1243 2403 1300 2470 sed
1331 2423 1367 2472 ae
1397 2405 1512 2470 idoneo

232 2579 236 2586 ,
270 2507 417 2578 exercitu
428 2507 608 2592 instructos,
626 2513 682 2574 aut
695 2508 847 2576 militibus
864 2510 996 2592 (paucos
1012 2511 1096 2574 enim
1111 2509 1289 2593 habebant)
1304 2513 1361 2574 aut
1376 2507 1510 2574 navibus

271 2611 434 2678 velocibus
464 2611 592 2677 minime
622 2613 700 2678 satis
730 2619 861 2694 paratos
892 2631 964 2679 esse
993 2613 1186 2694 cogitabant.
1217 2611 1279 2677 Hic
1300 2613 1384 2679 enim
1406 2617 1514 2677 motus

274 2715 314 2781 de
337 2716 509 2798 improviso
532 2720 565 2780 ct
586 2721 715 2797 praeter
737 2734 827 2798 spem
848 2717 1016 2782 acciderat.
1040 2718 1212 2783 Praeterea
1236 2717 1397 2799 chaganus
1421 2713 1511 2780 mini-

268 2819 329 2884 tari
364 2820 469 2901 coepit
490 2825 524 2884 st
545 2818 727 2894 testificari,
759 2838 795 2886 se
819 2821 920 2885 solum
944 2821 1111 2888 conventis
1130 2820 1214 2885 inter
1238 2838 1274 2886 ss
1296 2826 1330 2885 et
1352 2819 1514 2908 Romanos

269 2923 357 3003 pacis
379 2921 613 2988 conditionibus
637 2930 734 3002 stare,
758 2929 791 2989 et
814 2923 962 3004 quoniam
984 2925 1017 2988 in
1041 2941 1224 2990 communes
1246 2941 1320 2989 suos
1343 2926 1376 2988 at
1394 2908 1510 2987 Roma·

272 3044 383 3091 norum
407 3024 518 3092 hostes
541 3031 665 3109 pergat,
688 3027 817 3093 minime
839 3045 875 3093 se
897 3045 975 3108 opus
999 3031 1106 3109 pontis
1127 3027 1330 3093 construendi
1352 3026 1511 3118 intermis-

268 3149 385 3196 surum.
417 3129 537 3207 Quodsi
560 3130 633 3210 quis
652 3129 866 3196 Romanorum
890 3130 1007 3196 audeat
1034 3130 1085 3195 vel
1114 3148 1209 3194 unum
1233 3129 1333 3194 teium
1356 3129 1510 3195 comitere

267 3234 300 3297 in
322 3251 380 3298 eos
402 3223 457 3312 qm
478 3232 568 3314 ponti
591 3231 789 3298 aedificando
811 3251 939 3298 manum
957 3233 1171 3311 admoverent,
1195 3233 1235 3299 ab
1251 3233 1329 3314 ipsis
1345 3232 1510 3298 foederum

267 3335 487 3402 violandorum
516 3335 641 3401 initium
672 3335 790 3402 factum
814 3353 902 3416 asse,
934 3336 1115 3403 meminisse
1138 3355 1194 3402 eos
1212 3337 1326 3420 jussit;
1357 3341 1391 3400 et
1413 3353 1509 3417 quum

267 3439 327 3522 ipsi
345 3436 467 3504 Avares
491 3438 524 3502 in
546 3438 668 3504 beilum
689 3440 918 3521 impullissent,
951 3440 978 3505 si
1009 3439 1086 3520 quid
1113 3441 1188 3506 inde
1220 3441 1434 3506 Romanorum
1455 3459 1510 3504 res

268 3541 399 3624 publica
418 3541 602 3607 detrimenti
624 3540 761 3624 ceperit,
785 3541 826 3606 de
849 3559 887 3608 eo
912 3537 1001 3624 queri
1024 3541 1135 3607 vetuit.
1167 3539 1239 3607 Hoc
1260 3542 1353 3607 veriti
1374 3539 1511 3607 Romam

267 3644 323 3728 qui
344 3643 524 3726 Siogcdone
546 3649 651 3724 erant,
682 3644 857 3728 choganum
881 3647 922 3710 ad
947 3645 1165 3710 iusiurandum
1189 3651 1412 3728 provocarunt.
1443 3645 1509 3709 Ita·

266 3766 330 3830 que
350 3746 518 3814 confestim
533 3746 667 3813 Avarico
690 3749 754 3813 ritu
777 3749 993 3815 iusiurandum
1018 3749 1059 3814 ad
1082 3748 1166 3815 hunc
1180 3748 1309 3814 modum
1332 3747 1508 3830 praestitit:

265 3851 353 3918 unse
387 3851 519 3931 educto,
551 3852 611 3917 sibi
634 3857 669 3918 et
687 3845 828 3918 ‘Avarum
858 3853 946 3937 genti
977 3853 1047 3918 dira
1070 3856 1120 3917 est
1142 3851 1350 3934 imprecative,
1383 3851 1509 3931 siquid

266 3953 342 4020 mali
354 3955 645 4022 mmminisceretur
659 3955 813 4022 Romanis
828 3955 861 4020 in
877 3975 923 4034 eo,
941 3956 1027 4038 quud
1044 3961 1173 4038 pontem
1190 3973 1286 4038 super
1302 3952 1366 4020 Sao
1380 3951 1510 4020 flumine

265 4055 370 4124 facere
395 4059 581 4140 susceperit,
604 4064 640 4123 ut
662 4059 734 4140 ipse
757 4065 790 4125 et
813 4059 960 4127 universa
982 4078 1060 4142 gens
1084 4060 1125 4124 ad
1144 4057 1393 4126 intemecionom
1408 4073 1509 4138 usque

265 4161 349 4228 terro
378 4163 513 4244 periret,
547 4160 668 4228 coelum
699 4182 737 4229 ex
767 4163 832 4228 alto
857 4182 955 4245 super
977 4161 1074 4244 ipsis,
1106 4169 1138 4229 et
1161 4163 1256 4241 deus,
1288 4162 1341 4243 qui
1364 4159 1508 4226 incaelo

265 4273 334 4344 est,
365 4265 469 4348 ignem
493 4267 696 4345 immitteret,
731 4265 830 4332 silvae
853 4274 885 4333 et
907 4271 1032 4331 montes
1056 4285 1131 4332 casu
1156 4272 1189 4330 et
1210 4267 1302 4330 ruina
1324 4263 1395 4329 iilos
1417 4263 1507 4329 obte-

265 4373 388 4448 rerent,
424 4374 456 4460 et
487 4367 569 4436 Saus
599 4367 713 4434 fluvius
743 4368 950 4436 inundatione
980 4387 1037 4436 eos
1068 4369 1299 4450 submergeret.
1333 4363 1422 4433 Haec
1451 4365 1507 4432 ubi

265 4471 401 4538 barbaro
424 4491 511 4538 more
534 4471 694 4555 chaganus
725 4472 846 4538 emisit:
887 4473 997 4552 ,Nunc
1026 4490 1103 4556 ego,
1138 4470 1255 4553 inquit,
1286 4467 1506 4536 iusiurandum

263 4576 477 4644 Romanorum
499 4577 605 4644 iurare
629 4577 732 4643 volo“.
757 4575 839 4643 Tum
861 4577 1020 4660 quaesivit
1041 4595 1080 4643 ex
1102 4577 1190 4664 ipsis,
1214 4575 1289 4657 quid
1312 4579 1396 4643 esset
1420 4571 1506 4660 quod
