3602 5304
330 369 393 436 226

330 569 394 652 lag
414 575 496 640 κατὰ
525 574 562 640 τὰ
589 575 769 662 [oppexum
792 565 935 663 δεομένοις
965 597 1034 644 sum
1050 577 1219 662 Gepacdes
1233 581 1437 665 Langobardi
1460 579 1569 648 sociali

330 680 471 768 στρατιὰν
486 685 523 753 εἰς
538 679 704 766 ξυμμαχίαν
720 679 767 742 ἐπὶ
784 669 935 754 strazbur
965 681 1034 747 iure
1071 683 1295 766 postulabant,
1335 684 1422 750 misit
1455 684 1571 750 auxilia

331 781 525 857 Ἰουστινιανὸς
553 782 686 866 βασιλεὺς
708 777 845 869 ἔπεμψεν,
869 783 936 846 ἐπε-
967 783 1570 870 JustinianusaugustusGepacdcsin-

330 887 440 975 νεγκὼν
454 883 582 958 Flacca
596 883 777 968 Σκλαβηνῶν
796 909 875 960 τινας
891 887 938 949 ἐπὶ
967 888 1136 968 simulans,
1172 889 1258 971 quod
1290 890 1322 954 in
1356 891 1570 956 Romanorum

329 999 444 1078 πονηρῷ
459 987 612 1076 Ῥωμαίων
627 988 706 1076 μετὰ
720 987 776 1062 τὰς
790 989 937 1074 {cobirac
966 991 1137 1072 perniciem
1155 999 1227 1074 post
1241 991 1353 1059 foedus
1368 995 1466 1059 ictum
1482 992 1569 1059 Scla-

329 1084 495 1178 1ιαβιβάοαι
516 1091 653 1179 ποταμὸν
674 1089 792 1180 Ἴστρον.
965 1112 1117 1161 vanorum
1147 1112 1262 1178 agmen
1292 1095 1410 1162 Istrum
1439 1095 1569 1162 fluvium

964 1202 1243 1279 transportassent.

417 1357 579 1432 Procopius
594 1355 632 1418 dc
648 1355 726 1416 bello
742 1355 835 1430 gottb
853 1354 904 1418 lib.
919 1355 962 1416 IV
978 1373 1003 1416 c.
1021 1357 1071 1417 25.
1089 1375 1118 1433 p.
1136 1359 1274 1418 591-3.

418 1443 540 1502 lllnralt:
560 1441 646 1501 Hssai
662 1441 699 1502 de
714 1440 956 1518 chronographie
973 1442 1129 1518 byzantina
1144 1445 1167 1520 Ι,
1185 1445 1258 1504 204.

417 1527 531 1589 Hverso
547 1529 719 1587 Hunnorum
735 1527 874 1606 imperio,
898 1529 980 1587 ouius
1000 1545 1071 1605 pars
1093 1530 1253 1605 praecipua
1268 1531 1362 1589 Dacia
1377 1530 1454 1590 inter
1469 1531 1569 1590 Danu-

374 1615 455 1676 bium
471 1619 501 1674 et
515 1614 664 1675 Tibiscum
680 1617 753 1686 erat,
770 1615 907 1689 regiones
922 1615 988 1672 illas
1004 1615 1164 1690 germanici
1180 1617 1281 1691 populi
1297 1614 1431 1692 (lepidae
1447 1616 1567 1675 511155-

374 1701 499 1778 gobardi
515 1699 694 1776 pedetentim
709 1704 899 1775 occuparunt.
930 1700 1026 1781 ,Nam
1043 1699 1193 1779 (lepidae,
1218 1702 1392 1761 Hunnorum
1408 1702 1464 1761 sibi
1478 1702 1568 1762 sedes

374 1788 487 1847 viribus
502 1787 700 1862 vindicantes,
728 1785 817 1845 totins
832 1785 944 1845 Daciae
958 1783 1032 1846 tinea
1048 1788 1132 1846 volut
1144 1788 1270 1847 victores
1286 1786 1390 1863 potiti“
1409 1783 1569 1867 (Jordanes

375 1891 423 1949 op.
439 1875 489 1933 cit.
506 1889 531 1934 c.
549 1873 591 1932 50
613 1889 642 1947 p.
662 1872 722 1931 175
746 1872 793 1932 ed.
810 1871 936 1950 Closs.);
962 1873 1030 1931 inde
1052 1873 1147 1932 Dacia
1172 1873 1252 1933 dicta
1266 1880 1313 1933 est
1330 1872 1496 1956 ,11551515ιι
1513 1870 1568 1955 (ib.

375 1978 401 2020 5.
420 1961 458 2018 12
476 1976 505 2034 p.
523 1955 589 2037 53),
605 1959 634 2016 15
650 1974 711 2032 qna
726 1957 830 2034 „Tisia
844 1975 898 2034 per
913 1959 1080 2034 aquilonem
1097 1959 1160 2018 eius
1175 1976 1334 2036 corumque
1349 1959 1502 2038 discurrit,
1531 1961 1569 2019 ab

374 2043 465 2105 africo
482 2061 552 2103 vero
569 2059 693 2119 magnus
708 2043 772 2118 ipse
788 2043 956 2114 Danubius,
980 2045 1019 2103 ab
1035 2061 1088 2104 eoo
1104 2045 1210 2104 fluvius
1225 2045 1332 2104 'Pousis
1348 2039 1507 2122 secat,'qni
1521 2063 1569 2105 ra·

374 2129 462 2208 pidns
484 2147 520 2190 ac
542 2129 704 2190 verticosus
719 2128 747 2186 in
764 2127 855 2188 Histri
870 2129 980 2188 fluenta
995 2128 1095 2189 iurene
1117 2129 1292 2190 (1555111155α
1309 2131 1358 2209 (11).
1377 2147 1402 2190 5.
1420 2133 1439 2190 5
1455 2147 1484 2207 p.
1503 2131 1567 2208 28).
1598 2131 1601 2138 “

374 2217 422 2277 Ad
445 2215 596 2276 meridiem
619 2217 695 2276 15155
716 2215 884 2274 Danubium
907 2221 937 2274 ct
955 2215 1064 2275 Savum
1079 2215 1260 2291 Gepidarum
1277 2234 1395 2292 quoquc
1410 2225 1490 2277 errat
1507 2213 1568 2299 ,τοὶ

373 2301 447 2386 ἀμφὶ
461 2287 628 2384 liuppoldus
641 2295 678 2360 τὲ
692 2298 741 2360 καὶ
756 2294 869 2384 Σίρμιον
882 2298 975 2384 χωρία
989 2298 1070 2371 ἐντὸς
1080 2319 1116 2361 τε
1127 2300 1177 2361 καὶ
1188 2299 1273 2371 ἐκτὸς
1283 2309 1421 2386 occupari
1433 2295 1564 2386 Ἴστρουιι

375 2386 514 2468 (Procop.
538 2387 575 2447 de
590 2389 669 2449 bello
684 2387 846 2447 Vandalico
862 2388 912 2448 lib.
929 2389 952 2464 1,
969 2404 994 2448 c.
1012 2390 1030 2446 2
1047 2405 1076 2463 p.
1094 2389 1156 2447 313
1173 2387 1219 2449 ed.
1236 2385 1344 2469 Bonn).
1369 2391 1403 2448 15
1418 2387 1475 2448 hac
1491 2391 1567 2464 rogi-

375 2492 431 2535 one
445 2474 503 2534 sita
516 2473 616 2552 luisse,
632 2477 713 2550 puto,
731 2473 918 2550 munimenta,
943 2473 979 2532 de
995 2474 1102 2550 quibus
1116 2475 1267 2535 scribitur:
1297 2476 1391 2558 ,11155
1412 2475 1520 2534 fluvius
1538 2483 1568 2536 et

374 2561 467 2622 tutela
483 2558 672 2639 Gepidarum,
689 2576 766 2634 quae
782 2559 846 2618 vice
862 2576 1005 2635 aggerum
1017 2561 1109 2619 munit
1120 2560 1258 2637 audaces,
1275 2567 1305 2621 et
1316 2561 1346 2620 in
1357 2563 1491 2638 iugorum
1505 2579 1568 2622 mo·

374 2663 438 2707 rem
453 2648 529 2707 latus
544 2645 714 2722 provinciae
727 2644 902 2719 quibusdam
915 2645 1005 2704 muris
1016 2647 1212 2722 amplectitur,
1229 2647 1308 2707 nullo
1321 2649 1413 2708 ariete
1425 2646 1568 2706 frustran-

376 2731 443 2794 (115ιι
459 2728 621 2812 (Panegyr.
636 2730 824 2792 Theodorlco
839 2733 903 2806 regi
919 2749 967 2807 ap.
981 2729 1125 2792 Sirmond.
1143 2749 1171 2808 p.
1188 2732 1357 2810 1600-1).
1377 2733 1515 2810 Aggeres
1530 2732 1570 2793 ad

360 2819 481 2880 -Ulcam
492 2817 613 2878 flurium
624 2835 682 2878 non
697 2817 769 2876 alibi
783 2817 838 2876 nisi
853 2817 893 2877 ad
910 2817 1056 2899 ,11155555
1068 2821 1166 2877 155551
1185 2820 1308 2880 Diodori
1318 2807 1470 2908 Cassiilrd
1485 2811 1570 2879 011-

369 2903 443 2968 καὶοι
458 2895 526 2992 ἕλε),
543 2904 593 2981 qni
609 2902 1344 2983 1115551155νί5551515551511551,5555555515551,
1360 2913 1464 2981 estque
1476 2907 1593 2984 ,Ulca.

371 2991 509 3070 fluvius“,
527 2993 577 3066 qui
592 2989 632 3050 ad
650 2990 768 3074 ,villam
786 2989 929 3050 Uulchoi“
949 2987 1138 3068 (Endlichem
1155 2991 1282 3053 bionum.
1307 2991 1419 3068 Arpad.
1445 3009 1475 3068 p.
1493 2994 1567 3074 847,

374 3069 848 3158 739),51155,,5551555117511551*
859 3075 977 3155 (Hejerz
993 3077 1057 3136 cod.
1075 3075 1145 3153 dipl.
1155 3077 1254 3154 Hung.
1265 3077 1316 3151 lV,
1327 3079 1345 3140 3
1355 3096 1385 3155 p.
1395 3073 1483 3162 545),
1492 3095 1570 3139 5555

372 3163 524 3241 Vukorar,
540 3163 708 3222 Danubium
717 3161 891 3240 ingreditur,
908 3159 1235 3238 quiqucnunc„Vuka“
1255 3165 1308 3243 (=
1325 3162 1569 3244 1715155751155)

371 3249 546 3310 nominatur.
564 3248 756 3310 (1185551555
772 3247 1104 3324 Ueberdeanitpnnlrt
1120 3249 1173 3308 der
1184 3251 1258 3310 slav.
1267 3249 1459 3327 Ansiedlnng.
1476 3249 1567 3312 814.

373 3334 449 3396 Vide
457 3352 548 3412 supra
555 3353 600 3395 nr.
612 3337 672 3396 163
690 3352 718 3410 p.
734 3335 805 3394 218.
822 3333 943 3410 (lepidis
951 3334 1019 3394 inde
1027 3334 1065 3394 ab
1073 3353 1100 3393 a.
1119 3337 1180 3396 527
1197 3336 1236 3394 ad
1251 3335 1431 3397 occidentem
1440 3333 1570 3396 confines

372 3426 457 3482 erant
471 3421 671 3497 Langobardi,
688 3421 737 3497 qui
753 3421 807 3480 sub
823 3437 895 3496 rege
910 3420 1046 3480 Andoino
1056 3422 1236 3481 Pannoniam
1253 3427 1450 3501 occuparunt,
1479 3429 1569 3496 atqns

372 3507 441 3567 inde
468 3508 542 3584 ,ipsi
558 3521 676 3582 quoqne
698 3507 876 3566 Dalmatiam
899 3511 929 3566 51
944 3506 1093 3582 illyricum
1109 3506 1148 3566 ad
1164 3508 1284 3567 limitem
1301 3525 1393 3585 usque
1408 3507 1568 3584 Epidamni

373 3593 565 3669 pervagando
589 3592 717 3669 praedas
739 3593 899 3668 abigebant
922 3597 952 3651 51
974 3587 1125 3668 captivos“
1151 3589 1292 3672 (Procop.
1317 3595 1354 3654 de
1376 3594 1454 3654 bello
1470 3594 1565 3670 gottlr.

375 3679 426 3740 lib.
438 3679 521 3744 1115.
535 3681 586 3740 33.
599 3697 628 3755 p.
642 3677 728 3756 418).
741 3679 777 3738 V.
790 3679 896 3738 Zeuss:
911 3679 968 3738 Die
979 3678 1149 3739 Deutscben
1161 3679 1222 3739 und
1233 3680 1281 3740 die
1293 3673 1567 3748 Nachbarstbmme.

375 3764 405 3824 8.
422 3767 485 3825 436
513 3781 552 3824 ss.
580 3765 658 3826 item.
677 3766 786 3823 47155
825 3763 851 3823 Ε
873 3766 929 3824 5115
953 3763 1114 3842 Gepidiae,
1139 3764 1380 3843 Gepidarnmqne
1403 3767 1516 3826 sedium
1539 3766 1570 3826 id

375 3851 438 3912 orni
453 3869 542 3928 posse
557 3851 691 3930 videtur,
713 3850 873 3930 Slavenos,
897 3851 947 3928 qui
963 3851 1146 3910 excurrendo
1161 3853 1191 3910 in
1206 3851 1356 3928 Illyricum
1373 3870 1390 3911 5
1406 3851 1569 3928 (lapidibus

374 3939 493 4014 excepti
507 3941 590 3998 15555
605 3938 711 3998 Istrum
727 3939 1019 4014 transportabantur,
1038 3939 1067 3996 in
1083 3954 1120 3997 ca
1135 3937 1174 3996 ad
1189 3938 1426 4014 septemtrionem
1441 3939 1570 3998 Danubii

375 4024 497 4105 regions
512 4023 671 4098 habitasse,
697 4039 773 4098 qnae
789 4023 866 4083 inter
881 4023 967 4082 115155
981 4023 1062 4082 fluvii
1078 4029 1259 4083 cataractam
1274 4031 1304 4085 et
1319 4024 1389 4085 8551
1405 4026 1512 4085 ostium
1528 4025 1569 4084 ia·

376 4109 480 4188 cabat3
496 4108 553 4170 bac
569 4109 713 4184 siquidem
729 4110 757 4168 in
774 4127 827 4168 ora
842 4108 969 4184 Gepidia
983 4109 1102 4185 Illyrico
1126 4107 1247 4170 confinia
1270 4117 1343 4172 erat.
1367 4110 1449 4170 Idem
1465 4109 1570 4171 555115-

374 4195 618 4255 maturiordanis
633 4195 740 4273 verbis,
757 4195 815 4254 iam
831 4212 921 4270 snpra
937 4191 1020 4274 (pag.
1038 4191 1125 4274 218.)
1142 4197 1292 4274 expositis,
1309 4197 1347 4256 de
1359 4195 1571 4257 Sclavenorum

351 4313 355 4318 =
380 4281 493 4341 55111551
506 4281 635 4342 sedibus.
664 4282 736 4341 Inde
752 4298 823 4341 vero
839 4282 979 4357 seqnitur,
996 4281 1140 4340 Slavcnos
1155 4281 1274 4342 dimidio
1289 4299 1367 4342 saec.
1383 4282 1426 4343 VI
1441 4283 1470 4341 in
1486 4285 1572 4344 meri·

376 4365 543 4428 dionalibns
557 4367 670 4426 Daciae
684 4367 761 4445 oris,
782 4384 910 4428 necnon
925 4367 955 4426 15
971 4365 1120 4426 Sirmiensi
1135 4367 1285 4428 Paconiae
1300 4371 1396 4446 parte,
1412 4368 1572 4428 sedeciam

376 4450 493 4532 1151555,
506 4452 605 4528 ibique
620 4454 668 4513 551
684 4454 738 4513 sub
754 4452 936 4529 Gepidarnm
951 4469 1089 4528 supremo
1104 4452 1231 4514 dominio
1247 4455 1295 4514 vel
1310 4470 1369 4529 qna
1383 4470 1485 4515 eornm
1500 4452 1572 4514 socii

375 4537 609 4686 :armareigtqnc
623 4539 731 4600 exinde
745 4538 776 4598 15
790 4555 943 4600 romanum
958 4539 1108 4613 Illyricum
1130 4540 1290 4600 excurisse.
1307 4539 1343 4601 V.
1366 4539 1506 4601 1155515155
1519 4555 1569 4616 op.

440 4639 471 4704 ll?
531 4665 541 4686 ·
