3604 5276
305 366 368 434 292

305 575 453 647 nundinae
465 578 514 638 καὶ
527 567 661 663 ἰδιόχειρα
674 575 850 648 ἐποιήσαντο
862 577 912 639 καὶ
945 595 1028 642 mum
1052 565 1241 662 pepigerunt
1268 583 1301 643 ct
1330 575 1547 661 chirographis

306 680 375 767 πρὸς
396 680 448 742 τὸν
471 681 552 766 ἅγιον
570 677 683 766 Πέτρον
705 680 757 743 τὸν
779 680 910 743 dadano·
940 681 1076 762 propriis
1108 681 1191 747 datis
1215 685 1326 747 sancto
1348 681 1444 748 Patro
1468 697 1544 762 apu-

306 787 357 846 λον
372 782 471 870 ὅρκους
486 784 616 866 βεβαῖους
630 786 680 847 καὶ
694 787 843 871 ὰοραλεϊς,
865 784 911 846 ἵνα
941 784 1022 850 stolo
1045 785 1237 862 iuraverunt,
1261 802 1422 865 nunquam
1438 803 1475 850 sc
1491 783 1547 849 ali·

306 877 459 974 ρηδέποτε
473 892 511 960 εἰς
525 887 682 974 ἀλλοτρίαν
697 887 796 974 χώραν
817 885 911 950 ἀπέλ-
943 905 1034 952 cnam
1057 893 1174 954 terram
1196 889 1290 954 armis
1306 888 1474 954 invasuros
1490 888 1548 953 sed

306 993 384 1054 aaa
401 991 452 1054 ιιοιὶ
465 989 680 1077 πολεμήσωσιν,
703 989 783 1054 ἀλλὰ
799 994 913 1076 μᾶλλον
943 1009 1053 1073 pacem
1089 991 1253 1058 habituros
1295 1010 1365 1058 cum
1404 992 1548 1058 omuibus

306 1093 452 1182 εἰρηνεύειν
482 1093 561 1182 μετὰ
582 1093 703 1158 πάντων
726 1104 787 1157 τῶν
810 1095 912 1178 βοολο·
943 1094 1138 1176 volentibns3
1169 1101 1202 1164 et
1222 1096 1480 1179 imprecationem
1502 1095 1548 1160 vi·

306 1197 408 1285 μέναν,
432 1197 573 1280 λαβόντες
591 1201 641 1260 καὶ
656 1198 736 1285 παρὰ
750 1208 805 1261 τοῦ
821 1202 913 1262 αὐτοῦ
943 1199 1046 1266 cissinn
1070 1219 1090 1265 a
1111 1200 1255 1268 Romano
1287 1197 1435 1283 pontifice
1459 1216 1546 1265 acce-

306 1301 395 1365 πάσα
424 1301 541 1389 Ῥώμης
571 1303 660 1390 εὐχὴν
691 1293 806 1365 τοιάνδε
829 1308 867 1376 ὡς
890 1307 915 1365 el
943 1309 1068 1385 parunt,
1091 1310 1129 1369 ut
1148 1304 1177 1370 si
1194 1304 1321 1386 quanda
1337 1304 1420 1369 aliae
1435 1308 1546 1386 gantas
1609 1308 1613 1314 '

307 1428 381 1480 τινες
411 1404 498 1470 ἄλλα
526 1407 636 1470 ἐθνικοὶ
665 1406 747 1470 κατὰ
776 1416 830 1478 τῆς
852 1415 912 1469 τῶν
942 1408 1083 1489 ipsoram
1108 1405 1340 1474 Chrobatorunn
1360 1412 1477 1474 tenram
1499 1407 1546 1470 in·

305 1515 405 1574 αὺτῶν
428 1508 601 1597 Χραβάτων
622 1511 719 1600 χώρας
747 1509 912 1574 ἐπέλθωσιν
942 1509 1097 1577 vaderent
1111 1511 1260 1593 belloque
1274 1511 1473 1588 infestarent,
1489 1527 1547 1591 pro

306 1617 356 1678 καλ
377 1615 507 1703 πόλεμον
522 1602 724 1701 ὲπενέχααοιν,
746 1615 793 1677 ἵνα
815 1614 832 1676 ὅ
853 1624 914 1677 τῶν
943 1616 982 1681 iis
1016 1621 1187 1698 pugnaret,
1226 1615 1403 1697 vindexque
1423 1633 1571 1702 'eornm'

309 1717 478 1806 Χρωβάτον
521 1719 591 1792 θεὸς
633 1723 831 1806 προοπολεραῖ
864 1721 914 1782 καὶ
944 1724 1031 1784 esset
1053 1721 1142 1802 dens,
1173 1719 1336 1785 victoriam
1359 1717 1547 1784 conciliante

306 1826 493 1910 προΐσταται,
516 1825 571 1886 οιαὶΙ
587 1823 666 1896 νίκας
687 1826 786 1896 αὐτοῖς
801 1821 913 1910 Πέτρος
943 1823 1039 1889 Petro
1064 1823 1181 1890 Christi
1203 1824 1385 1906 discipula¹

306 1930 323 1988 ὸ
344 1936 400 1990 τοῦ
423 1923 549 2013 Χριστοῦ
572 1927 715 2012 μαθητὴς
737 1929 871 2014 προξενεῖ.

364 2095 369 2106 ,
393 2035 544 2094 Constant.
560 2035 743 2111 porphyrng.
760 2034 797 2094 de
813 2033 921 2094 admin.
938 2035 1008 2110 imp.
1028 2053 1053 2095 ο.
1071 2037 1122 2112 31,
1139 2053 1168 2110 p.
1189 2038 1260 2094 149.

348 2133 353 2162 ¹
371 2132 403 2186 V.
423 2133 501 2202 eplat.
521 2148 610 2214 papae
627 2134 745 2189 Ioannis
762 2133 829 2188 VIII
846 2132 992 2190 Sedeslann
1012 2135 1050 2204 (p.
1071 2134 1114 2203 7):
1140 2141 1187 2202 ,ut
1204 2149 1253 2202 pro
1279 2148 1370 2188 amore
1388 2141 1545 2188 sannorum

307 2219 493 2288 apostolorum
513 2221 585 2276 Petri
604 2221 657 2276 hac
675 2221 761 2291 Pauli,
780 2227 1025 2290 protectorum
1044 2228 1242 2277 vestrorum
1256 2261 1261 2273 .
1276 2262 1282 2275 .
1297 2223 1320 2274 ,⁸⁴

866 2452 997 2522 170.

307 2553 330 2616 d.
346 2555 390 2617 m.

306 2653 485 2721 Sirmn‘cnais
509 2655 690 2722 Pannoniae
712 2659 779 2724 dnn
801 2660 902 2742 deficit
925 2660 963 2723 ab
986 2661 1166 2723 Annronnnn
1188 2659 1335 2744 catapano,
1366 2663 1548 2744 etquenam

333 2761 452 2846 populo
474 2763 508 2824 in
530 2758 746 2827 Macedoniam
769 2765 894 2848 ιιιὶρνιιι,
917 2763 1024 2850 lainqnn
1050 2762 1267 2830 masmanna
1283 2763 1386 2848 potina
1407 2769 1513 2826 tentat.

348 2880 400 2956 Ὠς
417 2887 490 2968 ἴστε,
515 2883 702 2970 φιλόχριστοι,
713 2885 756 2946 ,ἐν
771 2895 831 2956 τοῖς
845 2905 915 2970 προ·
989 2884 1101 2967 Supra,
1129 2885 1404 2967 quemadmodum,
1429 2884 1547 2950 Christi

305 2983 396 3072 τέροις
426 2986 483 3056 τήν
516 2997 576 3050 τῶν
598 2986 788 3070 Σαλαβίνων,
822 2987 911 3074 ἤγουν
942 2985 1545 3073 amanteahabetisperspectnm,Scla-

305 3099 360 3152 τοῦ
393 3090 558 3166 κληθέντος
589 3089 743 3176 Χάτζονος
769 3095 819 3155 καὶ
852 3102 912 3156 τῶν
942 3112 1094 3159 vanorum
1108 3093 1207 3172 ducta,
1226 3094 1352 3159 nominc
1367 3091 1546 3171 Chatzonis,

305 3192 435 3280 Ἀβάριον
455 3197 505 3258 καὶ
527 3197 556 3258 ὲν
579 3195 655 3282 μέρει
678 3197 793 3260 ένθεοιν
812 3195 910 3268 innan·
939 3195 1142 3278 duarumque
1186 3199 1281 3264 etiam
1326 3199 1472 3264 notitiam
1509 3215 1547 3262 ex

305 3295 442 3383 οάρεθα,
477 3301 527 3361 καὶ
561 3297 660 3384 ὅτιπερ
691 3299 727 3362 τὰ
758 3297 908 3387 Ἰλλυρικὸν
939 3306 1032 3382 parte
1043 3301 1187 3366 dedimus
1195 3301 1213 3382 ¹,
1238 3319 1357 3383 cosque
1369 3319 1462 3368 omne
1473 3318 1547 3383 prn-

304 3394 409 3487 οχεδόν
431 3403 521 3481 ἅπαν,
544 3402 634 3490 ἤγουν
645 3403 700 3477 τοὶς
715 3407 807 3466 αὑτοῦ
823 3405 911 3491 ἐπαρ-
942 3405 1110 3486 pemodnm
1131 3405 1301 3487 Illyricum,
1329 3405 1414 3472 illius
1435 3403 1547 3470 videli-

263 3562 272 3580 ,
304 3507 388 3593 χίας,
411 3505 492 3593 λέγω
514 3497 562 3582 δὴ,
578 3504 738 3580 Παννονίας
760 3498 822 3592 δύο,
846 3508 909 3570 Δα-
940 3515 991 3575 cet
1012 3509 1199 3593 provincias,
1224 3507 1294 3575 dico
1317 3515 1431 3588 antem,
1465 3510 1547 3576 Pan·

304 3613 367 3684 ιιίας
389 3610 529 3684 ὡσαύτως
551 3602 618 3687 lto,
649 3602 820 3698 Δαρδανίας,
844 3610 910 3675 Μυ-
941 3615 1052 3679 uenias
1089 3615 1216 3692 ambaS,
1247 3614 1364 3680 Dacius
1402 3599 1548 3680 similiter
1654 3689 1656 3694 ,

304 3715 375 3789 σέας,
398 3711 574 3802 Τριβοίλεας,
594 3705 754 3789 Ῥοδώπιος,
778 3719 827 3778 καὶ
849 3739 908 3779 πα·
927 3718 1066 3796 παλαι,
1089 3717 1283 3797 Dardaniae,
1308 3717 1446 3800 Mysiae,
1477 3717 1546 3782 Tri-

304 3827 361 3882 σῶν
392 3820 536 3906 ἐπαρχιῶν
567 3824 611 3882 έτι
633 3819 685 3906 μὲν
707 3821 757 3882 καὶ
780 3816 908 3906 Θράκης,
939 3821 1220 3903 οιΙίε,Βλοιίοροι,
1235 3824 1436 3904 omniumque
1451 3822 1547 3888 etiam

304 3924 353 3985 καὶ
375 3932 429 3986 τοῦ
451 3923 519 4010 πρὸς
541 3922 702 4007 Βυζαντίου
717 3933 829 4012 μακροῦ
849 3925 907 3988 τεί-
940 3923 1094 3992 Thraciae
1116 3925 1220 3992 adhuc
1243 3927 1282 3991 ad
1304 3945 1427 4008 murana
1444 3943 1545 4008 usque

304 4047 373 4112 χοιις
402 4028 452 4089 καὶ
480 4027 584 4100 λοιπὰς
606 4029 703 4100 πόλεις
725 4051 761 4090 τε
783 4031 832 4090 καὶ
854 4051 908 4091 πο·
938 4029 1149 4112 Byzantinum
1168 4031 1296 4112 longum
1313 4030 1551 4112 principatuum.

304 4131 413 4202 λιτείας
435 4130 683 4215 ἐκπορθήσαντας,
711 4133 833 4194 ἅπαντα
855 4132 908 4194 τὸν
938 4131 1076 4216 reliquas
1106 4138 1140 4199 et
1169 4133 1265 4200 urbes
1297 4139 1330 4199 at
1352 4133 1547 4216 respublicas

304 4233 395 4295 αὐτὸν
416 4234 489 4296 λαόν
512 4240 549 4306 εἰς
564 4235 601 4296 τὰ
616 4236 728 4298 ἐκεῖθεν
744 4237 812 4323 πρὸς
827 4233 925 4322 maa
939 4237 1141 4304 devastantes
1161 4238 1333 4319 ipsummet
1348 4254 1472 4304 omnem
1488 4255 1545 4319 pn-

303 4336 396 4399 νονίαν
430 4335 511 4423 μέρος
540 4337 578 4398 τὰ
600 4339 668 4424 πρὸς
690 4348 735 4419 τῷ
757 4337 910 4419 Δανοιιβίῳ
940 4339 1046 4420 pulum
1071 4339 1208 4424 adeam,
1233 4357 1315 4421 quac
1330 4339 1404 4405 hinc
1419 4339 1546 4406 Pansa-

303 4449 444 4526 ποταμῷ,
467 4433 563 4513 ἧτινος
584 4443 724 4528 ἐπαρχίας
738 4441 834 4504 πάλαι
854 4465 910 4526 μιν·
941 4445 1023 4508 niam
1041 4463 1154 4511 versus
1170 4445 1284 4510 dissita
1300 4451 1358 4524 est,
1376 4443 1547 4510 abduxisse

302 4545 438 4623 τρότολις
471 4549 599 4630 ὑπῆρχεν
628 4545 664 4607 τὸ
694 4545 805 4631 λεχθὲν
836 4543 906 4632 Σερ-
937 4547 1071 4630 plagam,
1095 4548 1244 4615 Danubio
1260 4547 1425 4631 adjectam,
1452 4547 1541 4614 cuius

303 4652 390 4744 ρεῖον·
425 4649 516 4712 ἐκεῖσε
549 4639 607 4731 οὖν,
642 4654 680 4722 ὡς
712 4654 831 4738 εἴρηται,
854 4651 906 4712 τὸν
937 4651 1126 4733 provincias,
1140 4652 1225 4734 quad
1236 4654 1369 4719 meatur
1385 4649 1541 4742 maniam,
