3480 5284
1299 410 1339 468 45

99 610 269 676 domorum
292 611 352 694 (et)
375 609 553 676 territoriis.
577 611 613 674 In
636 610 745 692 primis
767 612 949 694 compareui
971 612 1042 694 ipse
1063 615 1155 694 perte
1179 614 1219 680 de
1234 613 1339 680 turro²

101 721 141 781 et
164 715 346 797 peretiuees
369 715 409 780 de
432 715 571 781 Petreue
590 713 728 781 Casilino
750 733 807 798 per
829 739 903 780 11111
933 716 1053 782 solidos
1081 735 1139 798 per
1169 717 1262 783 finem
1291 725 1338 783 te·

101 821 212 897 nendi,
237 819 374 886 donandi
403 820 452 886 cui
473 819 568 886 michi
590 820 761 902 placuerit3
785 838 918 902 quorum
941 821 1058 888 noticia
1081 824 1224 902 testium3
1247 822 1340 889 Fusci

100 925 232 990 Gricine
248 931 342 1010 teste,
365 925 474 991 Tiueri
491 931 581 1004 teste,
607 925 739 991 diacono
757 924 868 992 Seme⁸
889 931 982 991 teste.
1006 926 1145 1008 Ideoque
1161 927 1340 1010 compereui

101 1031 147 1096 de
168 1031 304 1096 Deuielu
327 1035 449 1112 partem
473 1027 557 1094 illiue
580 1029 620 1094 de
643 1030 714 1112 ipsa
736 1035 824 1096 ωηο
848 1048 906 1111 per
934 1055 979 1094 xx
1009 1031 1126 1098 solidos
1157 1049 1214 1114 per
1235 1031 1340 1118 finem,

100 1141 141 1202 et
162 1155 181 1200 e
203 1139 340 1216 cognatu
363 1135 431 1200 eius
453 1133 540 1200 Zune
556 1134 723 1216 presbiter,
746 1135 820 1200 dedi
842 1135 888 1200 iili
911 1154 984 1202 cesa
1011 1134 1151 1215 eeuleru,
1183 1138 1237 1219 qui
1258 1155 1341 1204 corn·

99 1240 217 1322 paraui
240 1239 280 1305 de
302 1239 425 1317 Zalace,
450 1244 483 1306 et
505 1239 593 1304 dedit
615 1239 707 1304 michi
730 1239 763 1304 in
783 1241 1054 1322 erumperaccione
1082 1259 1139 1322 per
1161 1261 1195 1307 se
1218 1261 1275 1324 per·
1297 1266 1342 1307 xx

101 1345 241 1410 solidos:
265 1343 392 1410 Gricine
414 1344 517 1420 testie,
541 1343 694 1410 diaconus
718 1344 908 1410 Pistumisse
930 1347 1031 1423 testis,
1055 1346 1220 1414 Zuuerene
1240 1349 1340 1426 testie,

101 1453 244 1518 Petrene
266 1451 401 1536 Treguri
424 1452 524 1518 testis.
550 1449 701 1516 Similiter
720 1451 901 1532 cornpereui
917 1457 1062 1532 quartem
1078 1459 1201 1533 partem
1216 1453 1256 1518 de
1271 1451 1342 1534 ipse

100 1563 194 1624 turre
218 1557 258 1623 de
280 1555 347 1622 filie
368 1555 506 1636 Toduru,
531 1555 663 1621 Audocu
685 1573 792 1640 uxore,
816 1555 1031 1620 Uuereuizze⁴
1054 1575 1111 1638 per
1133 1579 1200 1620 xxx
1222 1557 1341 1624 solidos

102 1681 164 1746 per
185 1660 291 1742 finem,
314 1661 346 1726 in
369 1661 534 1744 presencia
555 1660 667 1726 borum
682 1660 826 1725 testium:
852 1661 1019 1742 epiecopus
1035 1661 1252 1742 Lamprediue,
1277 1662 1341 1728 Do·

101 1767 238 1832 minicus
260 1766 415 1833 iudicetor
436 1766 537 1844 testis,
563 1764 800 1831 archidiaconus
823 1764 924 1830 Fusco
940 1766 1042 1845 testis,
1067 1763 1228 1849 Crebesop
1241 1767 1340 1847 testis,

101 1871 296 1955 Keseenegu
318 1871 421 1952 testie,
444 1870 636 1936 Pletumieee
650 1871 751 1953 testie,
778 1869 892 1934 Duimo
909 1867 1032 1951 Capute
1053 1871 1153 1952 testis,
1177 1871 1343 1938 Zuuerene

67 2051 73 2058 ,
102 1977 216 2055 teetis;
232 1981 265 2042 et
275 1977 307 2041 in
323 1975 486 2057 presencie
500 1975 628 2040 Ursene
644 1974 683 2040 de
699 1976 836 2040 Petrene
850 1973 1000 2040 Mesitulo
1016 1981 1050 2039 et
1061 1975 1244 2042 Dominicus
1259 1976 1341 2041 Pun-

104 2079 199 2148 drulo
216 2087 250 2145 et
267 2079 387 2146 Graulu
398 2079 514 2146 fratres
536 2079 620 2145 illius
642 2078 773 2144 mulieri.
798 2078 917 2144 Omnes
936 2079 968 2143 hi
983 2085 1082 2146 testes
1098 2085 1132 2146 et
1147 2097 1255 2146 omnes
1270 2081 1342 2148 ilios

102 2185 326 2268 inquisiuimus
342 2191 376 2250 et
389 2203 446 2268 per
468 2185 593 2250 illorum
616 2185 756 2250 iussione
772 2183 1031 2266 compereuimue.
1055 2185 1195 2268 Ideoque
1217 2203 1343 2268 compe·

103 2291 176 2358 reui
191 2297 313 2373 partem
329 2289 414 2355 illius
435 2289 522 2355 biete
538 2289 577 2354 de
593 2289 663 2371 ipsa
684 2295 772 2354 ωηο
788 2295 821 2355 et
841 2289 880 2353 de
895 2291 1060 2370 peretinee
1083 2309 1141 2371 per
1162 2314 1209 2355 vu
1225 2291 1342 2357 solidos

103 2416 164 2480 per
175 2395 283 2462 finem:
300 2394 393 2476 Zorgi
403 2394 566 2460 Poluduse
577 2395 677 2474 testis,
689 2393 879 2459 Plutumisee
889 2394 989 2460 testis.
1005 2394 1042 2458 In
1055 2413 1150 2476 super
1161 2395 1342 2477 compareui

102 2487 230 2584 pert'em
246 2501 285 2567 de
300 2500 458 2582 presbiter
474 2497 610 2564 Cerauie
626 2517 684 2580 per
698 2520 756 2562 vm
772 2497 909 2563 solidos:
933 2497 1139 2565 Platuchiebu
1163 2503 1265 2578 testie,
1282 2501 1341 2566 Pe·

103 2613 199 2672 trene
213 2604 407 2690 Tragurinue
422 2605 524 2686 testie,
540 2603 727 2685 Keeeeuegu
744 2602 846 2667 testis.
863 2605 1008 2668 Attamen
1024 2605 1204 2686 eomparaui
1219 2611 1342 2686 partem

106 2711 150 2778 de
171 2711 242 2792 ipse
263 2717 352 2776 ωηο
375 2709 415 2776 de
437 2707 503 2774 filie
524 2707 611 2772 Bone
635 2707 791 2788 Lampate
813 2707 853 2771 de
876 2707 961 2772 intus
983 2714 1016 2772 et
1038 2707 1123 2774 fores
1145 2729 1203 2791 per
1224 2733 1272 2775 xn
1292 2729 1342 2777 eo-

105 2815 188 2882 lidos
212 2835 269 2898 per
291 2814 403 2881 finem:
426 2813 613 2894 Kassanegu
637 2813 743 2890 testie,
776 2811 942 2878 Zuuerane
965 2813 1066 2896 testis,
1092 2811 1217 2880 Semme
1239 2817 1339 2882 testie.

104 2921 144 2986 In
166 2939 261 3002 super
282 2919 345 2984 emi
366 2925 489 3001 partem
521 2917 560 2984 de
583 2924 672 2982 ωηο
699 2917 739 2981 de
765 2934 844 2982 uxor
866 2916 1044 2998 presbiteri,
1074 2915 1137 2983 tilio
1168 2917 1276 2999 Saesu,
1299 2921 1340 2986 de

104 3026 191 3091 intus
214 3032 247 3090 et
269 3023 355 3090 fores
379 3043 436 3106 per
458 3047 479 3088 x
501 3028 535 3090 et
557 3045 621 3086 11111
651 3021 768 3088 solidos
799 3040 855 3102 per
877 3019 988 3100 finem;
1021 3021 1136 3102 etheo
1158 3025 1273 3089 noticia
1294 3030 1340 3090 te·

105 3131 218 3196 stium:
242 3129 336 3195 Fusci
359 3129 503 3194 Grizzine
526 3127 626 3206 testie,
651 3125 767 3190 Duimo
781 3125 900 3190 Gressa
921 3126 1022 3210 testie,
1051 3125 1216 3194 Zuuerene
1238 3131 1341 3196 testie.

106 3234 249 3316 Ideoque
272 3234 454 3315 compereui
476 3237 598 3315 portem
631 3230 670 3296 de
703 3230 773 3312 ipse
795 3237 883 3295 ωηο
906 3230 946 3295 de
968 3230 1081 3296 multer
1103 3231 1193 3298 Oilde
1214 3233 1344 3316 Legene

106 3339 261 3406 deintus
293 3343 328 3404 et
359 3337 445 3404 fores
473 3356 532 3419 per
560 3333 654 3400 finem
684 3333 773 3400 finite
803 3353 860 3416 per
889 3358 937 3399 xrr
967 3335 1084 3402 solidos
1117 3337 1149 3401 in
1179 3341 1344 3420 presencia

106 3443 201 3509 Fusci
224 3442 352 3509 Griciue
374 3443 478 3522 testis,
501 3443 689 3522 Keeeenegu
711 3441 810 3520 testis,
835 3441 1024 3507 Platumiese
1046 3442 1148 3528 testis,
1173 3442 1341 3510 Zuuerene

105 3549 209 3614 testis.
234 3546 292 3633 (Et
308 3545 382 3631 ego)
405 3545 532 3611 Debrus
548 3547 693 3627 scriptor,
718 3545 868 3610 diaconus
884 3545 1019 3612 Domnio
1044 3597 1340 3613 ..........

106 3700 340 3716 ........
365 3651 514 3716 diaconus
540 3652 647 3716 Debre
683 3655 716 3715 et
749 3649 908 3732 presbiter
941 3649 1043 3716 Fusco
1074 3651 1156 3717 sicut
1185 3653 1216 3718 in
1249 3655 1343 3719 sceda

105 3763 217 3824 uetere
239 3757 357 3838 scripte
380 3759 586 3838 repperimue,
611 3756 656 3820 ite
678 3755 817 3820 scribere
840 3755 1019 3821 cureuimue

192 3884 364 3942 Membrone
386 3881 511 3956 soeculi,
540 3883 580 3939 uti
604 3880 731 3958 videtur,
747 3881 804 3938 XII
820 3881 861 3942 iit,
878 3881 996 3957 longob.
1012 3881 1160 3957 quondam
1175 3883 1204 3941 iu
1221 3881 1340 3942 archivo

150 3969 318 4030 monialium
333 3987 356 4030 s.
373 3969 523 4030 Benedicti
539 3968 575 4045 (s.
591 3969 743 4046 Reynerii)
759 3967 881 4044 Spelsti,
905 3987 981 4028 nuuc
997 3970 1026 4028 in
1042 3968 1160 4028 archivo
1176 3970 1342 4028 monialium

149 4075 173 4119 s.
189 4058 302 4118 Martae
317 4056 454 4118 dederes.
487 4055 596 4114 Obarte
611 4055 745 4130 pluribus
761 4055 788 4114 in
805 4056 877 4114 Iocis
893 4073 1027 4131 corrosa,
1054 4057 1136 4135 loce,
1164 4073 1241 4131 quse
1255 4056 1342 4116 modo

148 4147 209 4222 legi
223 4163 281 4204 non
297 4148 429 4220 possunt,
446 4143 561 4218 punctis
576 4142 764 4217 signavimus.

192 4231 308 4292 Initium
320 4229 405 4289 huius
418 4231 604 4290 membranae
616 4229 735 4288 adducit
753 4230 780 4290 J.
798 4229 920 4288 Lucius:
939 4230 1145 4303 Inscriptionee
1158 4230 1341 4291 delmaticae.

148 4319 281 4380 Venetiis
299 4319 389 4377 1673.
406 4317 474 4376 item
489 4317 600 4376 Furluti
616 4317 670 4392 111,
690 4319 759 4377 126.
777 4315 847 4376 Cod.
865 4315 935 4391 dipl.
953 4315 1036 4375 deb.
1053 4317 1076 4393 1,
1096 4315 1165 4377 111.

144 4458 152 4488 ¹
170 4454 255 4509 Error
272 4454 328 4508 eive
347 4453 487 4522 scriptoris
506 4451 561 4506 eive
574 4451 804 4520 transscriptor·ie;
825 4467 886 4504 uem
899 4467 923 4505 e.
940 4453 1005 4504 1040
1019 4451 1070 4504 fuit
1082 4451 1193 4505 indictio
1206 4451 1279 4518 vm,
1298 4451 1342 4504 in-

107 4541 190 4597 dictio
218 4543 312 4597 reroI
336 4547 393 4595 toto
412 4537 555 4593 Michaelis
580 4539 618 4591 IV
645 4538 750 4607 imperii
778 4546 898 4608 ternpore
926 4539 1122 4606 (roes-1041)
1150 4555 1203 4592 nou
1230 4539 1342 4591 occurit.

107 4631 230 4685 'terrei
302 4629 312 4659 ³
331 4629 370 4682 Cf.
389 4625 504 4681 Sim-Iro.
525 4625 575 4680 Die
593 4625 662 4680 Bild.
682 4625 729 4680 der
747 4625 812 4680 slav.
832 4625 1068 4678 Persoueuuemen
1087 4641 1127 4680 ur.
1146 4627 1204 4679 388.
1260 4625 1269 4653 ⁴
1287 4626 1304 4680 i.
1318 4639 1342 4678 e.

108 4715 248 4774 verenice„
268 4715 335 4771 Ibid.
355 4733 396 4770 nr.
414 4718 455 4768 55.
