3572 5276
342 381 407 447 452

340 584 381 650 de
403 583 536 650 racemis
566 581 710 664 pauculis
732 581 796 648 vini
826 582 949 665 copiam
972 583 1109 665 elargiri.
1139 582 1199 664 Ito,
1230 582 1317 664 quod
1340 581 1466 650 dederit
1487 584 1577 667 deus,

338 687 390 754 cui
419 686 583 766 deservio,
614 687 647 751 in
677 684 776 768 ipsius
800 685 934 753 nominis
956 686 1101 768 potentia
1123 686 1272 768 eliquato.
1304 685 1441 754 Ministri
1472 691 1577 754 autem

337 795 450 860 euntes
486 789 648 870 iecerunt,
684 790 767 856 sicut
801 790 847 856 eis
882 788 988 857 iuerat
1017 789 1218 872 imperatum.
1253 787 1296 855 Et
1333 808 1404 857 cum
1436 791 1579 872 eliquare

335 893 524 978 coepissent,
548 897 638 960 tanto
661 891 724 958 vini
746 893 893 975 prorupit
915 893 1119 972 abundantia,
1149 893 1234 975 quod
1256 893 1296 959 de
1319 912 1396 960 vase
1417 899 1483 961 tam
1505 912 1578 977 par·

335 997 409 1065 rulo
428 997 490 1065 tris
508 1015 624 1080 magna
644 997 801 1078 usquead
818 1013 975 1062 summum
996 1003 1071 1062 sunt
1085 995 1211 1080 repleta
1226 996 1321 1077 dolia,
1342 997 1404 1068 vini
1428 997 1578 1063 continua

336 1101 428 1185 copia
443 1100 589 1170 efluento.
602 1098 694 1180 Quod
706 1117 777 1165 cum
792 1098 940 1167 riderent
954 1115 1025 1166 cum
1042 1104 1174 1182 stupore
1190 1104 1223 1166 et
1237 1099 1456 1184 admiratione,
1466 1102 1578 1168 studu-

338 1209 433 1273 erunt
446 1205 542 1272 beato
560 1203 627 1270 viro
642 1204 793 1270 nunciare
810 1202 969 1270 dicentes:
997 1202 1169 1282 ,Dominel
1193 1202 1273 1270 mire
1289 1221 1341 1271 res
1363 1209 1397 1270 et
1418 1205 1578 1287 stupenda

337 1307 448 1389 ralde;
479 1307 520 1374 de
551 1311 643 1374 tanta
677 1305 838 1388 paucitate
868 1324 1000 1373 uvarum
1023 1311 1090 1374 tres
1120 1307 1258 1374 maiores
1292 1306 1484 1390 replevimus
1514 1308 1578 1374 iam

336 1416 482 1496 vegetem
514 1417 548 1478 et
581 1411 665 1492 quod
694 1415 745 1477 est
784 1408 979 1487 mirabilius,
1021 1409 1106 1475 idem
1146 1409 1211 1475 vini
1248 1407 1350 1477 fluxus
1392 1409 1576 1478 indeficiens

334 1519 551 1598 perseverate
589 1512 712 1592 Quibus
756 1512 922 1581 moderate
960 1513 1158 1595 respondens
1194 1513 1313 1594 inquit:
1363 1514 1576 1597 „Miseroatur

336 1618 435 1687 vestri
466 1617 555 1702 deus,
590 1615 695 1684 filioli!
738 1634 837 1699 quare
868 1616 918 1682 dei
961 1615 1209 1683 misericordiam
1251 1616 1283 1681 in
1317 1617 1468 1684 invidiam
1502 1635 1576 1684 con-

335 1721 483 1790 vertitis?
509 1721 594 1810 Ecce
624 1739 709 1800 vere,
740 1721 825 1802 quod
858 1735 941 1785 nunc
970 1719 1131 1804 abundat,
1162 1718 1226 1786 iam
1255 1721 1392 1788 cassant
1429 1719 1575 1800 omnino;

336 1832 370 1894 et
391 1843 448 1893 ros
478 1824 559 1892 reati
592 1823 685 1889 huius
718 1843 782 1891 non
812 1825 906 1889 modo
937 1821 1027 1890 nobis
1060 1841 1169 1888 verum
1200 1825 1296 1888 etiam
1327 1824 1455 1890 obnoxii
1485 1823 1577 1891 critis

335 1929 504 1995 uniuersae
526 1927 643 2011 plebi“.
667 1926 718 1992 Illi
741 1944 816 1994 vero
839 1926 880 1992 ad
895 1944 975 2008 opus
991 1943 1083 1991 suurn
1099 1928 1248 2010 regressi,
1271 1927 1354 1993 sicut
1376 1929 1424 1993 vir
1445 1933 1575 1994 sanctus

337 2032 539 2115 praelocutus
569 2029 695 2111 iuerat,
730 2031 919 2098 invenerunt
950 2029 1057 2096 vinum
1092 2029 1155 2095 iam
1187 2030 1314 2112 penitus
1337 2047 1357 2096 a
1379 2028 1465 2097 fluxu
1488 2029 1576 2113 quie-

335 2151 431 2203 mssa.

379 2237 454 2304 Alio
477 2254 553 2304 vero
572 2241 716 2318 tempore
739 2254 810 2302 cum
832 2235 998 2318 navigaret
1021 2235 1062 2301 ad
1079 2235 1231 2317 oppidum
1247 2237 1332 2318 quod
1348 2235 1463 2304 dicitur
1485 2234 1576 2303 Sibe·

337 2342 451 2422 nicum,
485 2346 519 2407 et
552 2341 586 2406 in
619 2339 784 2420 navicula,
820 2357 883 2422 qua
917 2338 1093 2407 vehebatur
1127 2345 1273 2422 sanctus,
1309 2340 1479 2409 ueheretur
1511 2340 1576 2407 vini

336 2443 433 2511 ctiam
466 2443 595 2524 dolium,
627 2449 660 2511 et
688 2449 816 2510 ventum
850 2448 936 2510 esset
968 2443 1009 2509 ad
1031 2443 1155 2524 iocum,
1191 2447 1245 2525 qui
1278 2443 1374 2528 vulgo
1407 2443 1576 2529 Plancha,‘

337 2549 435 2616 latine
465 2547 602 2631 aut(em)
633 2545 735 2631 Hyllis
758 2545 809 2616 rel
832 2548 1084 2629 promontorium
1113 2547 1278 2615 Diomedis
1300 2554 1442 2630 vocatur,
1469 2551 1575 2614 motus

335 2651 506 2720 vehemens
536 2649 639 2717 iectus
666 2657 717 2717 est
749 2651 782 2716 in
813 2649 902 2715 mari.
934 2649 977 2716 Et
1009 2651 1084 2732 quia
1113 2648 1277 2734 praefatus
1306 2651 1406 2735 locus,
1438 2670 1457 2718 a
1488 2657 1576 2717 terra

338 2756 423 2826 forre
456 2754 620 2838 praecisus
655 2760 689 2821 et
711 2754 848 2836 quadam
882 2754 1052 2823 latitudine
1073 2761 1241 2837 porrectus
1263 2757 1296 2823 in
1318 2757 1408 2836 mari,
1437 2755 1575 2838 plerum-

336 2879 399 2944 que
421 2878 496 2928 rero
513 2859 643 2926 marinis
658 2858 841 2942 cooperitur
855 2855 1013 2939 fluctibus,
1030 2859 1188 2942 navigium
1204 2861 1424 2940 memoratum,
1447 2860 1575 2926 incaute

334 2963 528 3048 inidipsum
551 2983 646 3032 ruens
674 2981 792 3044 saxum,
816 2965 1018 3031 submersum
1042 2969 1094 3030 est
1116 2981 1186 3029 cum
1210 2963 1365 3047 omnibus,
1389 2981 1471 3046 quac
1492 2962 1574 3030 fere·

335 3070 400 3137 bat.
424 3070 474 3138 Do
503 3087 566 3152 quo
594 3067 718 3153 navigio
749 3086 819 3136 oum
850 3069 904 3136 alii
927 3068 1077 3148 natando,
1102 3067 1155 3135 alii
1185 3067 1302 3135 tabulis
1329 3067 1512 3149 haerentes,
1546 3067 1575 3132 si

334 3191 415 3256 quas
433 3173 602 3241 obtulisset
624 3190 726 3254 casus,
757 3171 888 3252 exirem,
918 3171 1005 3240 solus
1036 3172 1169 3238 antistes
1201 3189 1298 3254 super
1330 3171 1432 3240 undas
1465 3170 1573 3251 maris,

336 3277 428 3361 quasi
451 3295 547 3360 super
569 3276 700 3356 aridam,
731 3275 862 3344 illaesus
884 3275 990 3343 exivit.
1025 3273 1146 3342 Ultimo
1170 3281 1287 3356 autem,
1311 3294 1350 3342 eo
1369 3276 1499 3343 iubente
1518 3293 1574 3342 na·

334 3383 452 3468 vigiam
481 3381 527 3449 ita
558 3379 701 3448 illaesum
731 3399 802 3446 cum
825 3381 920 3448 rebus
949 3379 1016 3446 suis
1038 3379 1079 3446 de
1108 3379 1274 3462 prolundia
1303 3379 1459 3460 educitur,
1482 3385 1519 3448 ut
1539 3381 1572 3445 in

335 3485 555 3572 suprafatum
577 3485 640 3552 riui
664 3484 782 3551 dolium
806 3483 893 3551 stillo
914 3501 979 3551 non
1001 3484 1199 3566 subrepserit
1221 3501 1331 3566 aquae.

422 3611 525 3671 linita
540 3628 565 3671 s.
580 3609 702 3672 loannis
725 3609 857 3686 episcopi
880 3608 1088 3684 Traguriansis
1113 3608 1160 3671 ed.
1177 3609 1204 3671 J.
1224 3609 1333 3670 Lucina
1347 3607 1460 3669 Romae
1479 3610 1573 3686 1657,

380 3698 449 3758 item
465 3697 595 3757 Farlati:
618 3697 701 3772 lllyr.
718 3712 794 3757 sacr.
810 3695 862 3775 iv,
879 3697 943 3756 310
957 3711 997 3757 ss.
1013 3693 1194 3755 Adducimus
1217 3701 1331 3772 partam
1353 3695 1478 3771 primam
1494 3697 1574 3756 vitas

379 3781 413 3866 (i.
428 3801 454 3845 e.
471 3799 537 3860 cap.
561 3781 690 3862 1-111)‚
714 3783 909 3842 continentem
932 3785 999 3841 acta
1021 3781 1153 3858 episcopi
1175 3788 1244 3841 anto
1267 3781 1418 3842 Colomani
1440 3783 1520 3858 regis
1543 3783 1574 3842 in

379 3869 558 3930 Dalmatiam
581 3868 750 3930 adventum.
778 3869 824 3928 De
839 3868 896 3928 hac
911 3869 973 3928 vita
987 3885 1016 3930 v.
1034 3868 1076 3930 St.
1093 3865 1356 3929 Panionia-Lucil:
1379 3867 1520 3930 Memorio
1542 3869 1574 3928 di

348 3997 351 4004 «
377 3973 446 4018 cosa
461 3954 647 4017 dalmatiche.
663 3955 739 4015 Zara
757 3956 849 4015 1864.
911 3952 921 3968 ”

423 4043 509 4104 Vitae
526 4045 630 4104 auctor
645 4042 756 4102 eruitur
771 4057 810 4101 ex
824 4039 871 4100 iris
885 4041 999 4116 epilogi
1015 4040 1131 4101 verbis:
1157 4039 1242 4123 ¹,Ego
1265 4039 1442 4116 Treguanns
1456 4037 1575 4102 humilia

379 4129 483 4206 iactor,
499 4129 617 4188 natione
633 4127 758 4204 Tuscus,
774 4127 871 4202 patria
889 4126 1085 4204 Florentinus,
1113 4127 1181 4186 iicet
1195 4124 1332 4202 indignus
1347 4126 1376 4185 in
1392 4125 1497 4188 eadem
1512 4131 1574 4187 tra-

378 4215 509 4290 guriensi
524 4215 650 4275 ecclesia
666 4210 774 4290 gerens
789 4213 1046 4273 archidiaconatus
1061 4212 1262 4292 ministerium,
1279 4216 1402 4288 rogatus
1418 4231 1436 4272 a
1450 4229 1574 4273 venera·

380 4301 431 4361 biii
448 4301 511 4361 viro
527 4300 645 4362 domino
661 4317 726 4360 meo
738 4299 893 4378 Michaale,
909 4297 1039 4360 eiusdem
1055 4299 1199 4359 ecclesiae
1215 4301 1362 4377 praesule,
1375 4299 1451 4359 sicut
1462 4299 1499 4359 de
1513 4300 1575 4360 vita

379 4385 473 4447 sanati
489 4385 666 4447 confessoris
677 4387 706 4445 in
719 4385 895 4461 quibusdam
911 4385 1068 4463 codicibus,
1081 4385 1140 4445 iarn
1155 4402 1193 4446 ox
1208 4385 1311 4445 maiori
1325 4389 1411 4462 parte
1425 4390 1575 4447 vetustate

377 4472 496 4553 delatis,
521 4473 629 4552 inveni,
653 4473 682 4532 in
705 4489 848 4550 praesens
870 4489 945 4548 opus
965 4469 1004 4532 ad
1019 4469 1160 4531 bonorem
1176 4471 1225 4532 dai
1239 4476 1418 4548 sanctaeque
1432 4489 1574 4533 romaum

378 4559 523 4620 ecclesiae
545 4558 714 4631 reformavi,
737 4559 775 4620 de
798 4558 925 4619 inventis
945 4556 1017 4616 nihii
1037 4558 1178 4635 minuens,
1195 4557 1233 4620 de
1248 4559 1321 4619 meis
1335 4558 1407 4619 nihil
1421 4554 1573 4621 adiiciant.

380 4641 464 4722 Quae
480 4653 579 4707 auum
594 4645 632 4706 de
648 4645 742 4723 ipsius
757 4645 949 4707 translatione
964 4649 994 4706 et
1009 4643 1121 4705 brachii
1137 4644 1280 4706 relatione
1298 4645 1410 4726 scripta
1424 4645 1573 4726 leguntur,
