3602 5304
1414 405 1473 472 195

238 599 401 670 lohannes
423 603 484 668 dux
504 602 643 684 illustris,
669 604 732 670 dus
755 603 901 685 Cumas*
916 607 958 672 ed
979 627 1038 674 nos
1060 616 1135 690 post
1156 610 1316 680 biennium
1339 615 1475 685 deuoue-

239 708 342 788 runt*
365 708 559 791 (adserentes
582 709 664 792 has),
689 727 771 790 quae
794 717 977 793 sequuntur,
1002 713 1182 796 epistolas.⁶

282 813 511 882 Peruenientes
534 814 632 898 igitur
655 833 752 896 supra
774 815 849 881 lati⁰
871 816 968 901 legati
984 818 1024 884 ad
1041 819 1176 886 confinia
1198 830 1307 890 nostra
1329 833 1370 904 et,
1395 827 1477 894 sicut

237 918 301 984 illis
324 937 402 1000 opus
425 918 598 984 iniunctum
621 919 794 1000 apostolica
816 921 954 988 iussione
976 921 1045 1002 fuit
1069 923 1251 1010 Bulgariem
1275 937 1475 1010 perexerunt.

238 1021 363 1106 Quique
387 1031 515 1105 peracto
538 1025 666 1106 negotio
688 1026 777 1106 pacis
800 1023 884 1090 inter
905 1024 1062 1108 Bnlgaros
1086 1036 1120 1094 et
1141 1029 1315 1112 Chronius,
1339 1035 1476 1118 repetito

238 1129 355 1194 itinere
372 1125 413 1194 ad
429 1147 487 1194 nos
502 1129 692 1196 uenerabilis
705 1128 922 1196 Madalbertus
936 1133 1110 1216 episcopus,
1134 1135 1166 1200 in
1182 1137 1361 1204 ciuitatem⁷
1376 1141 1479 1224 spala-

239 1237 363 1300 tensam
375 1233 557 1312 adueniens,
583 1234 778 1316 synodaliter
794 1253 850 1300 uos
867 1235 1049 1318 episcopos:
1072 1237 1258 1320 iohannem,
1284 1243 1475 1330 Forminum,

238 1337 447 1420 Gregorium,
479 1356 549 1404 cum
581 1337 790 1405 chroatorum
820 1339 961 1422 principe
993 1349 1024 1408 et
1047 1345 1115 1409 eius
1139 1347 1322 1428 proceribus
1345 1369 1477 1434 congre·

238 1445 336 1526 gauit
355 1441 434 1510 Cum
448 1446 562 1526 quibus
573 1445 724 1524 residens,
739 1451 868 1510 cunctas
881 1447 1061 1526 prouinciae
1074 1450 1220 1531 antiquas
1233 1457 1477 1524 consuetudines

249 1554 322 1614 usto
345 1549 561 1615 moderamine
585 1557 805 1632 perscrutare,
838 1548 978 1617 firmauit
1010 1555 1116 1621 omnia
1138 1559 1309 1624 secundum
1333 1567 1477 1626 ueterum

237 1661 370 1739 statuta,
395 1655 452 1736 (ct)
475 1657 508 1720 iu
531 1656 677 1721 omnibus
701 1655 843 1721 ecclesiis
866 1655 1087 1738 episcoporum
1109 1661 1275 1743 privilegia
1290 1665 1477 1750 reintegrari

238 1759 375 1842 (iussit),
406 1761 452 1825 ita
480 1760 644 1826 dumtaxat
672 1765 710 1824 ut
737 1760 870 1826 ecclesia
900 1762 1000 1828 sancti
1034 1763 1175 1844 Domnii,
1210 1769 1291 1833 sicut
1314 1770 1354 1836 ab
1376 1770 1476 1854 initio,

237 1866 408 1946 primatum
431 1865 581 1944 obtineat,
604 1872 637 1932 et
660 1869 745 1932 intra
767 1865 882 1932 limites
904 1866 1040 1934 diocesis
1073 1887 1150 1936 suae
1181 1879 1294 1940 cuncta
1324 1877 1476 1942 canonice

238 1976 383 2054 peragat.
407 1969 559 2036 Similiter
581 1989 791 2052 unaquaeque
813 1971 946 2038 ecclesia
969 1972 1021 2038 uel
1044 1975 1166 2052 ciuitas
1203 1996 1285 2060 quae
1307 1979 1478 2062 pontificali

237 2093 370 2142 munere
386 2076 564 2156 constipata
579 2076 730 2154 consistit,
755 2076 848 2142 simul
864 2076 971 2141 sedem
987 2075 1160 2162 (retineat),
1183 2083 1268 2147 tum⁸
1290 2083 1358 2168 (ne)
1383 2103 1475 2167 prae·

237 2177 334 2246 finitis
357 2180 502 2246 terminis
525 2179 660 2248 diocesis
684 2199 771 2264 auae,
796 2201 815 2246 a
837 2181 981 2262 patribus
1005 2181 1158 2250 institutis
1175 2187 1374 2268 regulariter,
1398 2191 1475 2256 abu·

237 2290 344 2350 tatur:
368 2289 434 2350 tam
464 2285 622 2352 iadertiua
650 2283 802 2364 eeclesia,
826 2304 921 2368 quam
941 2293 1086 2354 caeterae
1117 2289 1271 2357 ecclesiae
1301 2292 1474 2361 Dalmatia-

238 2407 317 2468 rum,
334 2388 487 2468 arbensis,
513 2389 680 2468 neblensis,
704 2389 896 2475 absarensis,
920 2409 1003 2473 quae
1025 2399 1099 2458 sunt
1121 2395 1153 2459 in
1176 2395 1361 2462 occidentali
1385 2405 1476 2480 parte

237 2494 381 2576 positae;
405 2495 555 2564 ecclesiae
576 2515 652 2563 uero
676 2497 770 2580 aliae,
793 2497 928 2578 quaein
951 2499 1074 2564 oriente
1095 2498 1263 2583 habentur,
1287 2501 1384 2568 idest
1406 2508 1471 2570 sta·

237 2599 385 2682 gnensis,
423 2602 609 2683 ragusitana
638 2607 672 2667 et
702 2601 914 2680 catheritana,
950 2603 1083 2670 eandem
1117 2603 1342 2685 plenitudinem
1373 2606 1471 2694 (cnm)

237 2705 366 2772 sedibus
385 2711 418 2771 et
440 2707 583 2772 terminis
613 2707 679 2773 suis
700 2705 733 2771 in
755 2707 901 2774 omnibus
920 2707 1034 2790 (iuxta)
1058 2707 1231 2775 catholicae
1260 2709 1335 2776 fidei
1358 2711 1474 2795 dogma

237 2811 462 2892 adsequantur.
490 2809 648 2878 Nouensis
670 2829 746 2877 nero
770 2811 904 2876 ecclesia
927 2828 989 2875 uon
1012 2812 1194 2895 episcopum
1218 2815 1391 2896 antiquitus
1415 2817 1472 2882 sed

236 2913 567 2998 archipraesbyterum
580 2917 638 2980 sub
651 2915 876 2999 (iuris)ditione
887 2915 1027 2998 episcopi
1037 2915 1185 2984 habuisse
1195 2918 1400 3003 dignoscitur.
1412 2921 1474 2986 Ita·

238 3038 302 3102 que
317 3019 386 3103 ipse
408 3021 576 3104 episcopus
598 3020 631 3086 in
654 3039 715 3103 qua
737 3021 815 3086 libet
830 3021 963 3086 ecclesia
977 3041 1016 3088 ex
1033 3021 1081 3088 bis
1096 3023 1245 3101 ecclesiia,
1269 3043 1351 3104 quae
1366 3026 1475 3109 primis

236 3125 433 3207 temporibus
455 3124 604 3192 habuisse
626 3125 789 3208 episcopos
812 3131 937 3191 constat
958 3126 1017 3208 (et)
1042 3127 1186 3193 omnibus
1206 3133 1310 3211 patet,
1334 3129 1474 3212 legitime

235 3235 463 3312 praeponatur,
487 3230 555 3298 siue
577 3231 609 3294 in
632 3231 854 3296 scardonitana
876 3231 1012 3298 ecclesia
1034 3232 1085 3296 uel
1107 3232 1244 3298 sisciana
1266 3239 1322 3298 aut
1337 3240 1423 3300 certe
1441 3237 1473 3300 in

236 3333 425 3402 delmiueuei
447 3335 591 3414 ecclesia,
616 3351 686 3400 cum
708 3333 772 3400 sint
787 3336 896 3417 utique
912 3353 1022 3402 omnes
1036 3334 1210 3419 populatae
1233 3343 1275 3416 et,
1300 3338 1360 3404 deo
1384 3338 1473 3405 adiu-

235 3445 340 3520 rante,
364 3439 563 3508 sacerdotum
588 3445 620 3506 et
649 3439 788 3521 plebium
809 3441 930 3522 copiam
960 3439 1143 3508 habentes.⁹
1165 3441 1257 3519 Quod
1285 3443 1311 3508 si
1339 3445 1473 3509 immen-

236 3563 306 3610 sum
328 3543 455 3627 pondus
478 3543 629 3627 pontificii
652 3545 819 3628 (muneris)
843 3545 949 3610 subire
972 3564 1045 3611 eum
1069 3546 1216 3624 delectat,
1240 3551 1274 3614 et
1296 3567 1390 3612 uuam
1413 3549 1473 3616 sibi

236 3649 410 3718 diocesium
430 3647 576 3718 sufficere
598 3669 661 3716 non
684 3651 768 3716 uult:
792 3649 903 3716 harum
928 3651 1023 3716 trium
1040 3651 1210 3717 diocesium
1226 3652 1474 3734 magnitudinem

236 3753 433 3838 ponderis,¹⁰
455 3755 496 3820 ad
517 3755 680 3821 interitum
695 3743 786 3822 suum
801 3759 835 3821 et
849 3775 968 3836 earum,
993 3755 1153 3839 suscipiat
1177 3757 1251 3822 dum
1266 3775 1369 3838 neque
1384 3757 1475 3840 plebs

234 3858 377 3942 perfecte
400 3857 439 3925 ab
462 3875 501 3924 eo
524 3859 711 3942 pontificalis
726 3861 899 3925 muneris¹¹
921 3861 1086 3942 percipere
1110 3861 1216 3926 ualeat
1231 3862 1365 3945 gratiam
1388 3863 1476 3930 iuxta

235 3973 415 4032 sanctorum
439 3971 564 4048 patrum
587 3969 716 4046 statuta,
742 3983 845 4046 neque
868 3966 937 4046 ipse
960 3964 1133 4046 adimplere
1149 3983 1239 4030 sunm
1256 3967 1351 4032 iubis
1369 3969 1475 4034 ualent

236 4070 384 4152 officium,
414 4089 484 4136 oum
499 4069 593 4154 si(n)t
607 4076 738 4153 propter
753 4071 852 4136 multa
867 4077 1023 4136 terramm
1039 4070 1143 4152 spatia
1159 4069 1286 4138 difficile
1301 4074 1473 4154 peragrari.

278 4175 337 4242 His
350 4175 395 4240 ita
410 4176 584 4242 secundum
599 4174 805 4257 apostolicam
821 4175 993 4241 iussionem
1010 4174 1216 4260 (constitutis)
1240 4175 1471 4257 MadalbertuS,

234 4281 428 4349 uenerabilis
451 4282 635 4363 episcopm,
668 4287 886 4364 perscrutatus
913 4281 1035 4362 omnia,
1065 4287 1098 4346 et
1121 4287 1282 4362 comperta
1303 4281 1470 4368 ueraciter,

233 4385 370 4453 feliciter
393 4385 528 4453 sanciuit
549 4387 604 4464 ita,
627 4391 663 4452 ut
684 4385 791 4453 nullus
821 4405 960 4468 uuquam
989 4385 1082 4451 huius
1106 4385 1311 4452 ordinationis
1335 4386 1472 4452 uiolator

234 4492 371 4569 existet3
387 4509 457 4557 cum
474 4497 596 4570 cuncta,
620 4511 701 4572 qnae
716 4490 893 4572 praelibata
909 4490 1019 4574 (sunt),
1037 4511 1094 4573 per
1110 4490 1227 4555 dictum
1244 4491 1472 4572 apocrisarium

234 4615 367 4663 romano
391 4595 531 4678 pontifici
560 4596 679 4662 luerint
708 4600 927 4678 praesentata,
960 4601 992 4662 et
1015 4597 1054 4660 ab
1078 4613 1116 4660 eo
1140 4595 1247 4660 diuina
1283 4590 1472 4661 auctoritate

236 4707 270 4768 et
292 4702 394 4767 sancti
415 4701 503 4769 Petri
524 4719 583 4782 per
605 4719 679 4767 suas
702 4701 824 4766 litteras
846 4707 879 4766 et
900 4700 976 4782 palii
998 4697 1207 4785 missionem)
1235 4699 1427 4766 confirmate.

1349 4801 1369 4836 li*
