3602 5304
355 399 417 465 190

351 605 594 689 praedicationis
623 604 818 687 apostolicae
849 605 1003 672 ecclesiae
1033 609 1244 687 perceperunt
1272 621 1343 670 cum
1364 603 1446 670 lacte
1469 601 1584 680 carnis,

353 711 434 775 sicut
464 707 605 776 Saxones
636 728 718 776 nouo
749 715 892 791 tempore
915 729 935 774 a
957 715 1066 776 nostro
1097 715 1297 776 antecessore
1319 709 1392 790 piae
1415 707 1587 774 memoriae

352 813 505 898 Gregorio
528 813 644 896 papa¹⁷
668 815 841 881 doctrinam
868 815 987 897 pariter
1003 820 1037 880 et
1050 813 1229 880 litterarum
1248 812 1362 893 studia,
1385 811 1419 877 in
1441 830 1481 878 ea
1496 812 1583 878 uide·

350 918 425 985 lieet
436 918 553 1002 lingua,
569 918 601 983 in
614 936 677 999 qua
689 918 812 984 illorum
826 925 927 984 mater
942 917 1117 1002 apostolica
1132 918 1266 984 ecclesia
1279 917 1412 984 infulata
1426 917 1582 983 manebat.

352 1021 444 1090 Unde
473 1023 636 1088 hortamur
664 1042 739 1102 uos,
771 1023 965 1090 dilectissimi
995 1021 1071 1102 filii,
1102 1029 1139 1088 ut
1167 1025 1282 1090 coritas
1313 1023 1364 1089 dei
1390 1039 1448 1104 per
1481 1020 1586 1086 aelnm

354 1127 551 1193 rectitudinis
573 1127 605 1192 in
627 1129 746 1194 uestris
769 1129 971 1210 resplendeat
993 1127 1149 1208 cordibus,
1173 1135 1333 1210 quatenus
1356 1126 1440 1194 omni
1455 1131 1584 1206 torpore

350 1233 464 1297 mentis
480 1230 645 1313 expulso¹⁸
660 1231 721 1296 deo
737 1233 944 1314 omnipotenti
957 1233 1082 1314 placere
1096 1233 1234 1316 possitis.
1251 1231 1295 1298 Et
1306 1233 1380 1314 quia
1396 1231 1428 1295 in
1443 1228 1588 1312 decalogi

352 1337 501 1402 mandato
523 1335 723 1402 commissum
746 1341 803 1415 est,
826 1342 863 1402 ut
879 1338 1023 1440 sdecimas
1046 1337 1254 1420 etprimitias
1277 1357 1316 1404 ex
1338 1335 1455 1404 nostris
1486 1332 1585 1400 lacul-

356 1440 475 1506 tntibus
492 1439 749 1508 contulissemus:
774 1442 805 1506 in
817 1460 899 1508 nouo
916 1444 1033 1525 quippe
1049 1449 1254 1525 praeceptum
1271 1447 1330 1518 est,
1354 1447 1469 1506 utnon
1486 1439 1588 1504 solum

352 1564 390 1612 ex
412 1543 616 1611 facultatibus
638 1565 749 1612 uerum
772 1548 868 1613 etiam
891 1567 929 1614 ex
951 1548 1067 1614 nostris
1091 1547 1202 1615 diebus
1218 1548 1251 1613 in
1267 1545 1368 1629 spatio
1384 1547 1470 1610 uitae
1493 1561 1585 1627 prae-

350 1647 420 1715 fixis
444 1649 503 1714 deo
527 1648 855 1716 decimasoliernmus.
879 1649 973 1718 Unde
985 1651 1150 1718 hortamur
1171 1669 1241 1731 uos,
1265 1671 1284 1718 o
1307 1649 1502 1716 dilectissimi
1517 1647 1583 1726 filii,

348 1761 385 1818 ut
407 1759 532 1819 uestros
554 1756 742 1820 tenerrimos
766 1773 880 1836 pueros
904 1775 923 1822 a
945 1755 1110 1824 cunabulis
1131 1755 1164 1822 in
1187 1754 1291 1822 studio
1321 1754 1500 1820 litterarum
1524 1752 1586 1818 deo

351 1855 510 1936 offeratis3
523 1865 680 1939 quatenus
692 1858 843 1925 diuinitus
855 1859 1015 1926 informati
1028 1880 1085 1928 uos
1098 1861 1164 1927 suis
1177 1859 1444 1926 admonitionibus
1456 1857 1588 1924 ualeant

353 1962 497 2039 releuare
527 1963 566 2028 ab
597 1962 754 2030 illecebris
784 1964 970 2031 delictorum
1000 1967 1041 2032 ad
1072 1984 1241 2048 supernam
1271 1963 1421 2048 patriam,
1461 1963 1493 2027 in
1524 1979 1588 2043 qua

354 2064 499 2132 Christus
516 2072 565 2132 est
580 2085 649 2132 cum
666 2067 808 2134 omnibus
823 2068 995 2136 electorum
1011 2071 1197 2153 agminibus.
1220 2069 1298 2148 Quis
1311 2068 1426 2136 etenim
1439 2065 1587 2150 specialis

354 2169 437 2236 filius
460 2178 588 2238 sanctae
619 2190 767 2264 romapae
797 2174 961 2252 ecclesiae,
993 2175 1074 2241 sicut
1100 2193 1159 2241 uos
1183 2176 1276 2253 estis,
1308 2174 1340 2238 in
1369 2171 1508 2239 barbara
1529 2188 1587 2236 seu

353 2273 559 2342 sclaninica¹⁹
581 2275 687 2357 lingua
710 2277 769 2344 deo
800 2276 987 2354 sacrificium
1016 2278 1116 2345 offere
1146 2278 1343 2346 delectatur?
1372 2277 1445 2344 Non
1467 2275 1586 2357 quippe

353 2380 489 2460 ambigo,
514 2380 603 2444 utin
626 2381 671 2446 eis
693 2381 779 2447 aliud
801 2390 929 2448 moneat
959 2383 1018 2448 nisi
1040 2383 1119 2449 illud
1141 2383 1225 2466 quod
1258 2384 1499 2466 scriptumest:
1530 2397 1587 2459 ,ex
1674 2379 1679 2390 '

352 2484 442 2550 nobis
464 2485 609 2550 exierunt
627 2491 660 2564 et
681 2503 744 2550 non
768 2492 842 2552 sunt
861 2506 900 2552 es
922 2487 1030 2568 nobis,
1053 2507 1126 2554 nam
1149 2489 1176 2554 si
1199 2507 1238 2556 ex
1261 2487 1351 2555 nobis
1374 2489 1492 2564 essent,
1519 2501 1586 2549 ma-

351 2595 464 2654 nerent
477 2589 588 2670 utique
603 2589 794 2670 nobiscum,“
813 2591 874 2656 nisi
888 2593 921 2657 in
938 2599 1046 2658 nostra
1062 2593 1303 2660 conuersatione
1314 2597 1348 2659 et
1359 2591 1474 2675 lingua.
1491 2587 1588 2654 Unde

351 2693 468 2759 iterum
490 2700 587 2774 atque
610 2695 725 2759 iterum
748 2713 805 2761 nos
835 2713 1015 2778 monemus,
1039 2697 1233 2765 dilectissimi
1262 2697 1335 2777 filii,
1366 2702 1400 2763 ut
1422 2696 1588 2761 innostra

352 2800 593 2865 conuersatione
615 2801 776 2884 maneatis,
805 2805 838 2867 et
860 2801 999 2882 linguam
1017 2807 1050 2868 et
1065 2809 1236 2886 praecepta
1251 2800 1587 2868 reuerendissimorum

353 2905 591 2988 episcoporum,
614 2903 770 2970 Jolrannis
799 2903 920 2972 scilicet
950 2912 1078 2973 sanctae
1108 2907 1336 2973 anchonitanae
1367 2904 1522 2973 ecclesiae
1552 2907 1587 2968 et

352 3007 468 3074 Leonis
491 3013 621 3073 sauctae
637 3007 828 3090 palestrinae
843 3010 1005 3091 ecclesiae,
1030 3009 1097 3097 (qui
1114 3013 1201 3094 sunt)
1225 3011 1325 3077 nostri
1339 3007 1585 3086 familiarissimi,

353 3133 373 3178 a
395 3118 503 3178 nostro
527 3112 627 3198 latere
648 3113 739 3180 uobis
762 3114 988 3200 transmissi‚„²⁰
1017 3121 1112 3197 atque
1133 3116 1309 3198 perspicaci
1338 3115 1493 3182 industria
1522 3112 1587 3180 sui-

352 3216 431 3295 lulti,
449 3217 481 3282 in
504 3217 648 3282 omnibus
672 3217 761 3284 nobis
777 3218 896 3283 creduli
911 3219 1090 3285 audiatis.¹¹
1114 3221 1204 3300 Quod
1223 3222 1315 3287 uobis
1328 3219 1480 3286 attentius
1503 3235 1588 3283 com-

353 3319 549 3400 mendamus,
574 3328 609 3385 ut
631 3321 755 3386 illorum
778 3323 1044 3390 admonitionibus
1066 3324 1237 3406 obediatis,
1262 3331 1295 3392 et
1317 3323 1471 3406 quidquid
1493 3323 1586 3389 uobis

354 3424 480 3491 abillis
503 3425 675 3491 iniunctum
698 3425 794 3492 inerit
815 3447 854 3493 ex
876 3428 991 3493 diuinis
1014 3429 1083 3494 siue
1113 3429 1271 3496 cononicis
1293 3427 1496 3513 argumentis,
1528 3428 1588 3494 sub

353 3529 437 3595 omni
461 3528 625 3596 celeritate
649 3530 834 3597 obedienter
856 3531 1029 3614 adimplere
1052 3535 1204 3618 satagite,
1232 3535 1259 3598 si
1274 3553 1337 3602 non
1352 3533 1450 3599 uultis
1473 3549 1588 3614 seque⁴

354 3633 448 3700 strati
471 3652 490 3699 a
511 3641 619 3701 nostro
643 3633 785 3718 mllegio.

956 3817 985 3876 2.

820 3933 969 4018 Capitale
991 3936 1122 4000 condlii.

395 4055 463 4133 Quo
487 4053 618 4137 quum²⁹
632 4055 855 4137 perueniantes
872 4056 946 4122 dicti
963 4057 1112 4140 episcopi,
1134 4057 1363 4126 Dalmatiarum
1378 4063 1588 4142 peragrantes

351 4161 496 4226 ciuitates
519 4164 554 4224 at
576 4157 675 4246 (cum)
699 4157 908 4226 chroatorum
939 4168 1034 4244 atque
1066 4162 1235 4230 Serbornm
1265 4165 1449 4247 proceribus
1471 4181 1587 4232 conue-

351 4265 484 4342 nientes,
508 4264 707 4347 congregatis
730 4265 760 4330 in
786 4265 915 4347 Spalato
939 4268 1094 4349 episcopis
1109 4274 1142 4334 et
1156 4267 1323 4347 iudicibus,
1346 4267 1587 4336 celeberrimum

346 4367 509 4434 concilium
526 4387 688 4452 peregere.
712 4369 786 4446 Ubi,
811 4370 917 4437 diuino
933 4371 1093 4439 iuuamine
1109 4371 1193 4458 freti,
1217 4371 1297 4439 haec
1311 4390 1394 4455 quae
1409 4379 1586 4456 sequuntur

350 4472 490 4555 capitula
512 4474 682 4542 obseruare
705 4491 873 4542 censuere:

391 4577 417 4643 Ι.
442 4577 546 4656 Quum
568 4578 741 4660 antiquitus
762 4580 876 4646 beatus
898 4581 1053 4648 Domnius
1068 4582 1110 4648 ab
1124 4583 1270 4666 apostolo
1286 4583 1382 4651 Petro
1398 4582 1587 4666 praedicare

350 4681 497 4749 Salonam
520 4684 635 4750 missus
657 4690 721 4750 est:
746 4684 997 4769 constituitur,⁹³
1019 4693 1055 4752 ut
1075 4686 1146 4768 ipsa
1160 4687 1294 4756 ecclesia
1315 4694 1350 4754 et
1371 4688 1495 4768 ciuitas,
1528 4687 1584 4754 ubi
