3602 5304
349 398 409 460 188

346 619 496 667 romanae
519 601 672 688 ecclesiae
693 598 897 682 praesidente
920 599 1090 664 cathedra*
1112 599 1215 664 dictus
1240 597 1450 664 Ghroatorum
1472 615 1527 662 rex
1548 601 1583 662 et

348 705 483 772 Michael
506 724 576 771 curn
600 706 665 770 suis
688 705 869 788 proceribus
892 703 1049 786 simulque
1071 704 1227 786 episcopis
1254 703 1501 768 Dalmatiarum:
1528 701 1584 767 Jo-

347 811 468 877 hannes
491 811 745 892 archiepiscopus
775 807 837 896 (et)
869 809 998 894 p(rimas
1028 809 1073 891 in)
1106 807 1253 892 Spalato,
1284 807 1378 873 item⁵
1406 806 1608 901 Forminus„

345 917 536 998 GregoriuS,
569 916 748 997 caeterique
779 913 952 999 episcopi,⁶
985 913 1190 980 consulenter
1213 911 1442 995 poposcerunt
1464 911 1582 979 dictum

344 1021 557 1088 venerabilem
580 1038 703 1102 papam,
727 1026 764 1085 ut
786 1019 828 1085 ad
851 1037 905 1085 eos
928 1019 1087 1085 destinare
1109 1018 1296 1101 dignaretur
1318 1018 1486 1099 episcopos
1509 1035 1582 1083 suos

344 1131 376 1192 et
398 1126 609 1208 monitorium,
633 1124 821 1190 christianae
844 1123 1006 1207 religionis
1029 1122 1144 1205 dopna
1166 1122 1390 1189 continentem.

390 1247 528 1326 Quorum
552 1247 815 1330 postulationibus
838 1245 1038 1330 saepefatus
1061 1245 1202 1329 pontifex
1235 1265 1398 1312 assensum
1420 1245 1579 1329 praebens

345 1354 523 1420 Johannem
549 1353 760 1418 creuerabilem
782 1353 963 1436 episcopum
987 1352 1216 1418 anchonitanae
1247 1350 1415 1431 ecclesiae,
1438 1349 1580 1417 Leonem

344 1478 420 1525 uero
443 1458 704 1541 palestrinensem
728 1458 909 1539 episcopum
925 1475 994 1522 cum
1011 1457 1076 1522 suis
1093 1455 1243 1539 epistolis,
1266 1453 1433 1521 melliflua⁸
1448 1461 1576 1522 ructan-

345 1565 430 1630 tibus
453 1563 590 1648 eloquia,
614 1563 801 1641 destinauit,
832 1568 868 1626 ut
891 1580 959 1627 cum
983 1560 1136 1644 praefatis
1167 1560 1346 1645 personis,⁹
1367 1560 1522 1627 iudicibus
1545 1566 1579 1627 et

345 1667 502 1750 episcopis
526 1668 718 1749 synodaliter
741 1667 946 1750 congregatis,
965 1673 998 1732 et
1013 1684 1150 1749 perpera
1165 1667 1323 1748 extirpare
1339 1672 1372 1732 et
1387 1666 1447 1731 deo
1462 1664 1579 1747 placita

344 1774 493 1839 canonice
515 1773 637 1838 sancire
659 1774 819 1838 deberent.

949 2002 976 2045 a.

343 2123 559 2209 Radorpor'lor
584 2127 706 2208 priraca
738 2121 918 2186 Dalmatica
947 2143 1015 2184 cura
1044 2120 1254 2204 suffropoaeia
1282 2122 1320 2184 dc
1345 2141 1477 2186 roraarro
1506 2122 1579 2187 sade

345 2229 465 2294 tamdia
494 2229 646 2314 neglecta,
673 2229 880 2313 obtorquentur
908 2227 1015 2309 fideles
1037 2225 1119 2311 quod
1149 2225 1210 2307 ,ad
1233 2224 1384 2291 Methodir‘
1406 2227 1579 2292 doctrinam

345 2331 566 2419 coafupfflrrffl,
597 2335 803 2398 ministeriam
825 2332 972 2414 socrpicii
993 2349 1056 2394 nort
1081 2332 1132 2412 „io
1156 2332 1323 2395 aaronem
1347 2330 1403 2396 aad
1423 2334 1457 2396 ia
1479 2332 1579 2396 lobna

742 2438 850 2522 linqua
875 2436 1086 2521 pompandam
1108 2453 1181 2500 eoae.

388 2597 549 2664 lohannes
583 2599 767 2680 episcopus,
801 2614 913 2661 seruus
947 2613 1111 2662 seruorum
1145 2595 1213 2674 dci,
1248 2595 1516 2662 reuerendissimo
1547 2601 1579 2662 et

346 2703 544 2770 sanctissimo
569 2701 719 2768 confratri
741 2705 849 2767 nostro
872 2700 1025 2776 Johanni,
1053 2704 1181 2766 sanctae
1205 2699 1401 2766 salonitanae
1425 2699 1588 2770 ecclesiae·

346 2808 592 2890 archiepiscopo,
618 2807 824 2887 omnibusque
849 2803 1066 2886 suffraganeis.
1092 2803 1171 2869 Cum
1193 2802 1305 2885 religio
1327 2809 1458 2870 uestrae
1481 2805 1578 2871 dilec-

345 2912 440 2978 tionis
457 2931 513 2994 per
528 2917 578 2978 tot
592 2929 746 2977 annorum
762 2910 917 2976 curricula
929 2916 963 2975 et
974 2909 1128 2975 mensium
1144 2909 1248 2991 spatia
1263 2914 1404 2975 sanctam
1418 2927 1579 2976 romanam

346 3017 510 3084 ecclesiam
540 3017 747 3098 apostolicam
779 3021 875 3096 atque
905 3013 1125 3092 miserentem,
1158 3014 1190 3078 in
1220 3013 1309 3079 cuius
1339 3013 1490 3080 cathedra
1517 3015 1578 3082 deo

345 3129 473 3188 auctore
496 3141 553 3186 nos
569 3122 798 3203 praesidemus
822 3121 950 3186 uisitare
966 3121 1149 3201 neglexerit,
1174 3122 1299 3186 omnino
1315 3121 1483 3203 miramur3
1506 3142 1578 3190 cum

345 3227 566 3308 perennitatis
597 3233 799 3310 augmentum
830 3225 930 3291 omnis
960 3226 1071 3306 religio
1096 3225 1136 3290 ad
1159 3225 1351 3292 soliditatem
1383 3224 1458 3293 fidei
1482 3233 1515 3294 et
1537 3229 1578 3294 ad

342 3333 478 3414 lapidem
502 3331 667 3413 pertineat,
691 3332 774 3396 sicut
796 3332 945 3412 scriptum
969 3335 1033 3395 est:
1060 3335 1114 3415 ,tu
1129 3347 1163 3396 es
1178 3331 1301 3408 Petrus,
1326 3335 1359 3396 et
1382 3349 1478 3413 super
1493 3333 1577 3399 hanc

344 3442 466 3517 petram
489 3434 663 3502 aedificabo
687 3435 850 3501 ecclesiam
865 3433 1003 3514 meam;“
1029 3453 1130 3500 meam
1146 3435 1303 3513 uidelicet,
1320 3423 1404 3517 quod
1421 3437 1497 3520 (non
1514 3437 1579 3524 est)

346 3541 431 3606 aliud
454 3542 560 3608 dicere
582 3541 642 3606 nisi
666 3541 785 3622 absque
798 3540 1044 3623 reprehensione
1068 3541 1154 3606 etin
1177 3538 1251 3605 fidei
1270 3541 1383 3607 robore
1398 3540 1578 3618 solidatam,

345 3664 408 3712 non
422 3645 591 3710 habentem
604 3645 757 3710 maculam
770 3650 957 3726 sulingen,
974 3663 1068 3727 aqua
1079 3663 1189 3711 ornnes
1205 3644 1358 3710 ecclesiae
1374 3651 1578 3727 augmentum

345 3749 573 3834 intelligentiae
596 3757 692 3832 atque
716 3769 860 3832 saporem
882 3752 984 3815 honae
1009 3750 1169 3815 doctrinae
1193 3749 1352 3831 suscipere
1376 3749 1501 3817 debent.
1534 3752 1580 3818 Et

346 3855 420 3939 quia
442 3856 526 3923 lama
548 3856 711 3922 reuelante
734 3855 954 3938 cognouimus,
983 3874 1042 3936 per
1063 3853 1198 3921 confinia
1228 3855 1387 3921 uestrae¹⁰
1408 3855 1579 3939 parochiae

346 3961 440 4028 aliam
463 3959 638 4028 doctrinam
658 3960 825 4044 pullulare,
845 3961 970 4041 quaein
991 3959 1088 4026 sacris
1103 3959 1315 4025 uoluminibus
1331 3977 1394 4025 non
1409 3961 1577 4044 reperitur,

345 4065 437 4133 uobis
460 4065 638 4132 tacentibus
662 4071 695 4132 et
717 4063 994 4144 consentientibus,
1019 4064 1111 4132 ualde
1134 4065 1291 4132 doluimus
1307 4065 1394 4131 iuxta
1409 4064 1486 4132 illud
1502 4085 1578 4149 apo-

345 4172 436 4238 stoli:
465 4172 510 4253 ,si
533 4172 603 4252 quis
626 4169 713 4236 aliud
735 4169 878 4237 docuerit
900 4175 1029 4252 praeter
1050 4170 1091 4248 id,
1116 4171 1199 4252 quod
1222 4169 1253 4234 in
1277 4169 1374 4236 sacris
1405 4172 1578 4238 canonibus

346 4282 442 4358 atque
464 4275 677 4343 uoluminibus
700 4275 868 4358 reperitur,
892 4275 988 4340 etiam
1011 4276 1036 4340 si
1061 4275 1192 4358 angelus
1215 4274 1255 4340 dc
1269 4274 1358 4341 coelo
1374 4273 1479 4358 fuerit,
1503 4294 1578 4343 ana-

346 4381 453 4447 thema
474 4377 546 4446 sit‘t
571 4379 636 4446 Sed
659 4381 742 4445 absit
767 4380 828 4446 hoc
843 4399 861 4444 a
877 4375 1034 4458 fidelibus
1062 4378 1116 4461 qui
1132 4376 1292 4445 Christum
1308 4378 1415 4445 colunt
1436 4385 1469 4446 et
1484 4380 1579 4446 aliam

347 4485 444 4550 uitam
468 4503 527 4567 per
550 4485 723 4552 orationem
747 4503 781 4550 sc
804 4485 937 4549 creduut
959 4501 1055 4566 posse
1077 4483 1203 4564 habere,
1227 4489 1263 4549 ut
1285 4485 1458 4551 doctrinam
1481 4501 1579 4550 enan-

347 4589 423 4673 gelii
446 4595 542 4672 atque
565 4605 719 4654 canonum
742 4589 902 4654 uolumina
924 4589 1162 4672 apostolicaque
1185 4591 1281 4654 etiam
1304 4593 1472 4672 praecepta
1488 4605 1580 4669 prae-

347 4694 560 4763 termittentes
593 4694 635 4760 ad
668 4693 821 4760 Methodii
858 4693 1034 4760 doctrinam
1067 4693 1267 4776 emungunt,
1303 4711 1395 4776 quem
1427 4694 1460 4759 in
1491 4693 1580 4759 nullo
