3572 5276
859 551 988 626 218.

202 701 205 708 ⁴
303 674 325 737 l.
340 675 458 744 ianm.
473 672 506 734 rol
521 673 565 736 lu.

306 809 559 875 Curantanornm
582 810 647 873 dur
672 811 830 875 Adclbcro
853 814 886 875 in
908 833 964 876 arto
987 833 1054 876 curn
1078 813 1207 894 irnperio
1229 811 1372 894 conflictu
1398 812 1547 878 Chronic-

738 935 809 980 rum
832 917 951 979 nubilio
974 915 1109 996 confidit.

347 1035 539 1120 Dignissimo
564 1035 698 1101 dilectae
722 1037 837 1101 filiolae
853 1036 1050 1102 Wormaciae
1066 1039 1157 1118 patri,
1184 1037 1298 1102 domno
1322 1055 1381 1103 suo
1413 1036 1548 1104 Azeconi

304 1139 450 1222 episcopo
474 1139 511 1204 G.
535 1138 679 1204 infirmus
711 1149 744 1205 et
765 1140 886 1206 inutilis
910 1141 1023 1205 summi
1037 1141 1147 1222 patris
1170 1139 1306 1206 familias
1332 1139 1547 1222 vespertinum

305 1244 531 1310 denarium...
555 1242 677 1309 Ferunt
698 1243 848 1310 domnum
870 1245 1093 1324 imperatorem
1117 1243 1314 1327 augustnm‚¹
1342 1246 1464 1308 veteris
1485 1245 1548 1310 exi-

305 1352 410 1412 stente
426 1365 525 1411 causa
540 1345 613 1420 odii,
632 1347 836 1412 vehementer
851 1349 1024 1412 auimatum
1040 1365 1111 1413 csse
1133 1347 1165 1411 in
1181 1345 1414 1413 Adalberonem
1434 1348 1548 1414 ducem

305 1456 339 1516 et
360 1449 604 1543 marchionem?
624 1457 658 1516 et
680 1451 725 1514 ita
748 1451 929 1530 animatum,
960 1451 1044 1530 quod
1068 1452 1247 1516 convocatis
1270 1469 1375 1517 coram
1406 1469 1440 1518 se
1463 1453 1547 1534 prin-

305 1554 434 1636 cipibus,
459 1554 581 1620 scilicet
603 1553 766 1634 Etclrardo
791 1555 837 1636 et)
859 1554 1062 1636 A(dalberto)
1079 1554 1332 1621 marchionibus³
1347 1556 1548 1636 caeterisque

304 1657 510 1740 principibus,
534 1657 588 1737 qui
612 1664 686 1720 tunc
716 1657 776 1723 ibi*
799 1658 982 1736 intererant,
1014 1659 1164 1739 quatinus
1187 1660 1247 1739 ipsi
1269 1657 1464 1726 Adalbaroni
1489 1659 1546 1722 du-

305 1767 410 1826 catum
434 1779 526 1825 suum
549 1766 582 1827 et
605 1762 765 1825 marcham
788 1761 904 1827 iudicio
928 1762 1121 1838 abdicarent,
1156 1767 1354 1844 preceperat.
1390 1761 1454 1828 Sed
1477 1762 1548 1844 ipsi,

306 1882 366 1930 non
390 1863 423 1928 id
453 1865 513 1930 nisi
543 1865 585 1928 in·
604 1864 765 1945 presentia
787 1871 820 1928 et
844 1865 959 1931 iudicio
983 1864 1039 1929 filii
1063 1865 1110 1930 sui
1130 1864 1260 1930 Henrici
1292 1867 1377 1948 regis
1400 1864 1469 1932 fieri
1493 1866 1546 1930 de·

304 1967 391 2050 here,
423 1973 553 2049 accepto
584 1968 714 2032 consilio
745 1969 995 2049 responderunt.
1011 2019 1018 2032 .
1032 2018 1060 2033 ..
1084 1969 1322 2050 Abdicatus-que
1351 1969 1547 2034 adalberoni

307 2072 440 2138 ducatus
470 2078 503 2138 et
532 2069 688 2136 marcha⁵
718 2070 804 2152 Ergo
836 2071 953 2150 dicunt,
987 2072 1090 2153 ipsum
1114 2072 1358 2150 adalberonem,
1390 2071 1543 2138 conlisum

307 2173 534 2239 Gruvvatis
572 2179 605 2240 et
635 2174 912 2252 Mirmidonibus,⁶
942 2177 1050 2256 regiae
1082 2177 1237 2257 potestati
1268 2173 1350 2241 velle
1385 2177 1543 2261 resistere,

244 2315 257 2344 .
305 2277 394 2344 cuius
423 2277 595 2344 occasionis
618 2278 732 2344 timore
762 2279 932 2344 cessabunt
954 2278 1039 2345 domi
1069 2278 1217 2344 Bavvarii
1247 2279 1287 2345 ab
1310 2278 1430 2344 indicta
1452 2297 1549 2360 expe·

307 2380 436 2447 ditione.
469 2381 630 2446 Marcham
655 2399 730 2446 voro
761 2381 860 2463 ipsius
882 2380 1094 2448 Adalberonis
1125 2381 1227 2448 fertur
1255 2382 1454 2448 commissam
1479 2401 1549 2450 esse

309 2485 433 2550 cuidam
456 2484 625 2568 A(rnoldo)
649 2485 689 2550 de
712 2485 920 2568 L(smbacb);
949 2475 1097 2552 ducatum
1119 2492 1227 2552 autem
1249 2486 1326 2552 nulli
1349 2486 1453 2551 adhuc
1475 2504 1548 2552 essa

307 2588 502 2672 commisum‚
533 2607 591 2670 pro
623 2606 685 2670 quo
708 2588 846 2669 petendo
877 2589 1011 2655 domnus
1035 2587 1145 2656 Cuono
1168 2590 1200 2654 in
1223 2591 1285 2656 ista
1307 2589 1486 2657 ebdomada
1508 2591 1548 2654 ad

308 2692 420 2757 curtim
443 2690 661 2775 proficiscitur.

394 2833 605 2908 Epistolarinm
622 2851 699 2896 saec
716 2835 784 2914 ΧΠ,
803 2835 867 2896 cod.
887 2835 1036 2910 quondam
1049 2836 1272 2912 Lauraacensis,
1290 2853 1367 2895 nuuc
1382 2838 1441 2894 vat.
1455 2836 1547 2911 palat.

352 2938 396 2979 nr.
414 2923 486 2980 930.
502 2919 538 2978 Α.
555 2921 632 2980 Mai:
649 2920 839 2997 Spicilegium
852 2922 1015 2982 Romanum
1031 2927 1052 2983 t.
1065 2922 1102 2982 V.
1116 2940 1144 2997 p.
1162 2922 1231 2981 150.
1248 2919 1393 2980 Bbhmsr:
1409 2921 1548 2980 Notizen-

353 3007 428 3066 blatt
443 3003 580 3085 (Bsilaga
595 3023 661 3066 anm
675 3006 788 3067 Archiv
804 3007 851 3066 litr
866 3007 975 3066 Rauda
991 3013 1094 3068 batsrr.
1108 3005 1426 3086 Gsschicbtsquallen).
1442 3007 1547 3081 Jahrg.

357 3094 449 3166 1855,
465 3091 495 3153 S.
513 3094 584 3152 520.
611 3092 823 3154 Giessbrecht:
840 3093 1018 3154 Gascbichta
1034 3095 1087 3154 der
1102 3093 1263 3154 deutschen
1278 3093 1452 3153 Kaisaraait.
1468 3093 1546 3153 Aufl.

353 3179 405 3239 IV.
430 3179 485 3239 Bd.
501 3179 541 3256 11,
558 3178 587 3240 S.
606 3181 678 3240 700.
704 3179 776 3239 Ood.
794 3179 865 3256 dipl.
883 3179 965 3241 CSD.
983 3181 1006 3255 1,
1027 3183 1097 3240 108.
1122 3180 1186 3240 Noa
1208 3178 1380 3239 adducimus
1402 3179 1547 3256 epistolae

350 3266 426 3341 loca,
444 3281 521 3340 quas
537 3266 575 3325 ad
591 3283 653 3324 rem
670 3270 800 3326 nostram
817 3267 972 3340 portinent.

395 3350 432 3412 Α.
452 3353 533 3411 1036
550 3367 712 3427 aggressus
726 3355 771 3410 est
783 3351 933 3411 Adalbaro
946 3352 1063 3411 Sounaa
1078 3352 1213 3412 comitem
1225 3351 1413 3411 Wilhelmum
1427 3343 1548 3432 (annm.

353 3436 545 3498 Hildeshaim.
562 3438 601 3496 ad
617 3455 644 3498 a.
666 3435 780 3520 1036);
804 3444 900 3497 utrum
916 3436 1110 3498 chroatorum
1135 3438 1227 3513 copiis
1244 3437 1443 3507 adiutricibus,
1468 3441 1548 3496 sorte

356 3522 473 3599 quidam
490 3540 548 3580 non
564 3528 696 3600 constat3
713 3525 871 3584 verisimile
883 3529 981 3583 tamen
995 3541 1060 3583 osse
1073 3523 1198 3598 videtur,
1216 3525 1239 3582 si
1252 3523 1281 3583 id
1294 3527 1453 3599 spectetur,
1467 3521 1548 3597 quod

353 3609 471 3669 Soanas
486 3610 640 3668 comitatus
657 3609 814 3669 Obroatiaa
829 3609 1042 3670 collimitaneus
1058 3609 1153 3670 luerit.

348 3745 409 3798 'sc
434 3741 586 3796 Conrsdum
605 3743 639 3797 ll.
695 3745 705 3772 ²
731 3743 889 3798 Corinthiae
915 3743 977 3797 inde
1008 3745 1042 3798 ab
1067 3759 1090 3797 a.
1120 3746 1192 3796 1011.
1220 3741 1357 3798 adalbero
1385 3741 1458 3797 filius
1486 3747 1546 3796 erat

307 3827 482 3898 Markuardi‚
502 3829 608 3883 comitis
626 3829 653 3882 in
678 3830 792 3883 Marias.
866 3829 1009 3884 ³hlisniae
1028 3830 1110 3897 prior,
1136 3829 1261 3884 Austriae
1291 3829 1368 3884 altar.
1443 3827 1549 3882 'Bam-

307 3917 414 3986 bergae.
488 3914 555 3969 ⁵cl.
575 3915 702 3983 Wiponis
720 3917 775 3970 vita
794 3915 948 3971 Chuoursdi
974 3916 1036 3985 imp.
1056 3933 1077 3969 c.
1097 3919 1129 3969 21
1158 3915 1267 3984 (Pertz:
1295 3915 1368 3969 Mon.
1393 3914 1483 3970 Germ.
1503 3913 1548 3969 SS.

306 4003 353 4071 XI,
370 4003 453 4072 267):
476 4002 577 4071 „Paulo
596 4009 659 4070 post
677 4003 769 4070 (1035)
794 4001 940 4068 Adalbero,
959 4002 1014 4056 dux
1033 4003 1237 4058 Histrianorum
1254 4003 1313 4057 siue
1332 4001 1550 4070 Coriolanorum,

305 4105 370 4146 reus
389 4089 549 4159 maiestatis,
568 4090 656 4144 victrrs
676 4088 711 4144 ab
730 4089 902 4158 imperatore,
922 4105 982 4143 cum
1001 4088 1064 4144 liliis
1083 4088 1139 4143 suis
1158 4089 1284 4143 exulatus
1302 4089 1369 4143 est“.
1388 4087 1458 4143 Item
1476 4103 1498 4142 c.
1518 4090 1551 4142 33

307 4175 384 4244 (ibid.
403 4192 430 4245 p.
450 4177 527 4243 271);
548 4173 666 4242 „Eodem
686 4190 756 4230 auno
776 4174 912 4230 Adslbero
932 4174 985 4228 dux
1005 4175 1227 4242 Carantanorum,
1248 4175 1420 4243 imperatoris
1433 4175 1549 4243 gratiam

307 4261 432 4330 perdens,
459 4260 585 4315 ducatum
615 4262 713 4324 amisit,
739 4268 767 4315 et
785 4262 812 4315 in
838 4260 948 4316 exilium
967 4262 1065 4317 missus
1091 4263 1157 4315 est“.
1232 4259 1396 4328 ⁶deinger
1414 4260 1545 4328 (Oesterr.

306 4347 470 4402 Gescbicbte
498 4349 518 4415 l,
537 4349 601 4415 loo)
631 4347 772 4416 legendum
801 4363 859 4402 esse
888 4354 985 4416 putat:
1017 4347 1176 4412 ,Cruuvatis
1202 4346 1251 4416 [et]
1271 4346 1496 4402 Mirmidonibus“
1514 4367 1548 4395 =

310 4433 403 4501 ,seins
422 4433 618 4502 Myrmidonen,
650 4434 693 4488 die
710 4433 856 4489 Kroaten“.
877 4432 918 4488 Da
937 4443 1044 4488 caetero
1063 4433 1095 4487 V.
1114 4433 1281 4501 Vasiljevsld
1299 4435 1550 4501 (Pyrene-Brass-

308 4521 411 4572 riiicrtie
430 4537 568 4587 orpusrrs.
593 4522 694 4588 >Kypra
714 4537 834 4578 mnnncr.
861 4537 921 4587 sap.
940 4523 1142 4587 npocslrmesia.
1163 4523 1193 4573 ¹1.
1216 4523 1272 4578 189.
1291 4523 1320 4574 C.
1338 4521 1453 4587 llerepti.
1475 4521 1550 4574 1877.

304 4621 331 4676 p.
352 4607 463 4676 59—70,
484 4609 632 4675 170-185)
651 4607 859 4664 demonstravit:
890 4605 1088 4678 Myrmidonum
1105 4607 1215 4664 nomiae
1234 4622 1250 4663 a
1269 4605 1448 4676 scriptoribus
1468 4604 1550 4662 medii
