3494 5410
170 739 196 801 A·
210 741 266 802 m.
728 651 852 723 111.

171 858 288 925 Patras
313 839 393 924 brac
415 859 570 924 ecclesiam
591 881 616 924 s.
641 859 727 924 Petri
748 862 781 924 in
804 859 872 924 Scio
895 881 963 925 cum
984 863 1170 925 nronastcrio
1188 862 1313 946 puriter
1335 882 1356 925 o
1378 884 1410 928 sc

173 973 348 1030 combreto
369 965 456 1030 dotat
478 966 571 1030 torris
593 973 621 1029 ct
637 965 893 1048 possessionibus,
921 985 999 1050 qrcas
1029 964 1173 1031 describit
1194 973 1222 1031 ct
1244 987 1302 1052 quo
1324 967 1412 1032 modo

596 1070 792 1154 acquisiverit
814 1091 866 1135 eas
889 1071 995 1152 refert.

215 1193 255 1258 In
278 1190 395 1257 Christi
417 1193 552 1270 nomine,
576 1197 608 1258 et
629 1192 769 1258 eiusdem
792 1193 1017 1259 incarnationis
1036 1211 1117 1260 anuo
1134 1194 1296 1262 millesimo
1320 1199 1405 1261 octo-

170 1298 305 1382 gesimo,
328 1295 498 1363 indictione
522 1316 597 1364 uero
620 1299 705 1362 vm.¹
736 1297 947 1380 Temporibus
970 1317 1095 1381 quoque
1118 1299 1222 1365 domni
1245 1299 1407 1366 Laurentii

173 1403 368 1469 uenerabilis
392 1402 550 1484 spalatino
581 1401 666 1468 sedis
690 1403 935 1488 archicpiscopi,
967 1401 1311 1489 1·egi(s)Chroatorum
1336 1403 1406 1470 Sui-

172 1508 288 1588 nimid,
311 1526 370 1574 nec
393 1526 456 1574 non
478 1505 611 1574 Ualizze
633 1507 756 1588 prioris.
780 1509 895 1572 Petrus
912 1529 970 1590 ego
994 1507 1113 1588 Ζθτηί,2
1135 1509 1187 1590 qui
1211 1517 1244 1574 et
1266 1509 1407 1575 Gumaii³

170 1611 267 1691 filius
290 1631 353 1677 una
376 1631 446 1678 cum
469 1611 595 1677 domina
617 1609 707 1676 Anna
728 1631 799 1678 mea
822 1613 963 1696 coniuge,
985 1611 1180 1679 filiascilicct
1202 1613 1277 1678 Maii
1293 1613 1406 1693 Fave,⁴

172 1718 284 1782 diuina
305 1717 438 1783 docente
460 1717 628 1783 clementia
651 1735 687 1781 ac
709 1717 915 1799 plurimorum
938 1717 990 1782 dei
1009 1736 1175 1783 seruorum
1191 1716 1262 1804 fulti
1275 1718 1405 1785 consilio

172 1822 313 1906 salubre,
334 1840 431 1888 causa
453 1827 630 1888 nostrorum
655 1819 874 1888 detunctorum
896 1823 989 1888 immo
1013 1822 1196 1888 delictorum
1213 1821 1405 1905 redemptio·

170 1928 223 1992 nis
245 1927 392 1992 iniuimus
413 1926 585 2008 consilium,
609 1928 757 2007 quatinus
777 1927 816 1992 de
840 1932 947 1992 nostro
970 1928 1096 2008 proprio
1119 1933 1293 2009 conquestu
1310 1945 1405 2003 ,more

168 2031 313 2122 fidelium
336 2033 542 2114 omnipotenti
559 2032 618 2098 deo
634 2048 691 2111 pro
707 2048 802 2112 posse
817 2035 927 2097 nostro
943 2032 1079 2112 aliquam
1096 2031 1273 2113 portionem
1290 2030 1404 2098 ollerro

169 2155 358 2220 possemus;
381 2136 528 2218 quodque
552 2135 611 2201 deo
634 2135 763 2200 iuuante
792 2137 911 2217 expleri
942 2135 1119 2202 diffinimus,
1150 2135 1253 2218 Igitur
1273 2137 1305 2200 in
1328 2135 1406 2214 loco,

170 2243 229 2326 qui
252 2242 366 2309 dicitur
388 2240 500 2326 Sello,⁵
523 2242 605 2306 circa
625 2239 790 2307 ecclesiam
820 2241 920 2306 sancti
942 2225 1104 2322 Stephani,
1133 2258 1194 2322 que
1218 2240 1328 2306 ditioni
1350 2241 1406 2306 do·

171 2347 252 2414 mini
264 2348 373 2426 nostri,
390 2345 539 2412 uidelicet
551 2345 724 2411 beatissimi
737 2345 872 2426 Domnii,
890 2344 1039 2422 subiacet,
1053 2344 1190 2426 sepimus
1202 2345 1241 2411 ad
1254 2345 1406 2410 honorem

169 2451 324 2536 principis
346 2450 561 2534 apostolorum
582 2450 719 2518 omnium
741 2449 828 2515 Petri
852 2449 1015 2514 ecclesiam
1039 2456 1232 2530 construere,
1249 2468 1406 2532 quamque

172 2558 236 2624 deo
259 2557 461 2638 permittente
477 2555 583 2620 studio
598 2553 753 2619 artificum
769 2553 1014 2635 compleuinms3
1038 2553 1174 2636 denique
1189 2556 1251 2620 iam
1267 2561 1406 2638 peracta,

170 2667 349 2728 conuocato
372 2660 497 2742 presule
520 2659 583 2724 iam
606 2664 780 2723 memorato
804 2660 981 2740 ceterisque
1001 2660 1150 2724 ministris
1166 2659 1282 2726 ordinis
1299 2659 1406 2743 diuini,

170 2789 197 2830 v
218 2766 289 2832 idus
313 2765 460 2831 Octobris
482 2765 616 2830 eandem
631 2763 808 2830 consecrari
820 2764 1016 2844 rogauimus;
1039 2764 1080 2828 ad
1095 2764 1183 2830 cuius
1201 2765 1403 2846 solempnita-

168 2877 239 2936 tem
262 2869 387 2951 plurimi
404 2868 637 2952 Spoletinorum
656 2861 927 2949 Chroatorumque
943 2867 1081 2932 uirorum
1097 2870 1199 2950 gratia
1214 2867 1406 2935 remissionis

167 2993 230 3041 seu
253 2974 459 3041 absolutionis
481 2979 646 3038 uenerunt.
670 2972 793 3039 Deinde
808 2974 996 3037 anctoritate
1012 2973 1091 3038 duco
1107 2973 1215 3039 diuina
1230 2974 1404 3058 prephatus

168 3078 429 3161 archiepiscopus
452 3095 522 3144 curn
547 3077 660 3143 ceteris
683 3076 744 3142 sibi
766 3077 942 3142 astantibus
966 3077 1116 3144 ministris
1138 3097 1196 3160 pro
1221 3079 1303 3146 dotis
1319 3079 1403 3145 eius-

168 3184 248 3250 dem
269 3182 401 3250 ecclesie
429 3202 488 3250 nos
518 3183 644 3266 exigere
673 3183 773 3264 cepit;
805 3199 862 3247 nos
892 3200 968 3247 uero
998 3200 1055 3263 pro
1086 3182 1207 3249 uiribus
1237 3189 1269 3250 et
1299 3189 1405 3250 nostro

167 3307 269 3373 posse
293 3306 488 3371 quacumque
510 3293 613 3355 tamen
638 3287 824 3366 necessaria,
858 3286 976 3352 eisdem
1006 3287 1057 3354 dei
1081 3289 1181 3354 seruis
1204 3287 1405 3370 dictantibus,

165 3399 273 3472 eraut,
298 3393 467 3475 optulimus
491 3392 560 3458 sibi.
1087 3441 1091 3456 ,

222 3497 260 3560 ln
281 3497 391 3579 primis
413 3496 539 3578 quidem
551 3497 763 3578 competentia
777 3495 881 3563 officia
896 3496 1078 3562 missarum:
1102 3497 1216 3564 librum
1239 3497 1407 3584 missalem,

169 3628 197 3682 1,
222 3601 351 3668 calicem
374 3609 559 3685 argenteum
575 3618 645 3667 oum
658 3607 839 3682 suapateua
851 3607 883 3667 et
895 3602 978 3688 omni
990 3609 1146 3684 apparatu
1161 3605 1265 3685 misse,
1289 3603 1406 3669 librum

168 3709 356 3792 passionum
379 3713 558 3772 sanctorum
579 3731 601 3791 1,
626 3705 915 3790 antipho(na)rium,
939 3706 1122 3773 nocturnale
1137 3731 1158 3787 1,
1182 3708 1367 3788 psalterium
1383 3733 1406 3774 1.

218 3812 334 3878 Terras
359 3819 464 3877 autern
488 3812 631 3878 dedimus
654 3829 772 3890 omnm,
797 3829 858 3894 que
881 3813 1064 3878 incircuitu
1087 3813 1154 3878 sius
1176 3811 1331 3878 habentur
1354 3832 1404 3879 eo-

169 3917 287 3984 clesie:
311 3936 331 3980 a
353 3915 485 3980 confinio
509 3916 660 3982 territorii
682 3915 839 3998 prelibata
867 3917 998 3982 ecclesia
1021 3917 1120 3983 suncti
1151 3918 1276 3984 Domnii
1306 3937 1406 4000 usque

170 4022 216 4086 ad
240 4020 351 4098 locum,
377 4020 429 4101 qui
453 4019 566 4085 dicitur
589 4020 700 4099 saline,
724 4021 872 4101 quicquid
895 4021 1045 4102 inhaest,
1069 4041 1158 4089 mous
1182 4024 1250 4089 siue
1274 4023 1362 4104 ualis,
1387 4043 1406 4089 a

168 4125 272 4192 maris
295 4125 364 4207 n'pa
385 4142 485 4208 usque
508 4125 549 4190 ad
572 4123 697 4190 uincam
720 4123 940 4190 tituto-cosses
972 4127 1085 4191 Omnia
1105 4127 1186 4192 enim
1213 4129 1274 4193 ista
1296 4136 1406 4194 nostro

169 4230 302 4315 proprio
324 4229 547 4310 acquisiuimus
569 4229 688 4311 pretio:
712 4229 783 4296 ideo
805 4229 838 4294 in
861 4230 953 4296 domo
977 4229 1026 4296 dei
1049 4230 1202 4297 dedimus.

220 4334 300 4400 Nam
323 4334 354 4399 iu
378 4334 486 4416 primis
508 4339 646 4414 terram,
676 4335 877 4416 inquesita
901 4335 1027 4400 uidetur
1049 4334 1190 4415 ccclesia,
1215 4337 1409 4418 comparaui-

170 4459 245 4506 mus
268 4460 288 4505 a
309 4439 503 4504 Pribislauo⁷
534 4456 592 4521 pro
616 4438 740 4506 duobus
767 4438 876 4503 solidis
900 4445 933 4505 et
954 4457 1016 4504 uno
1039 4440 1144 4504 modio
1168 4439 1323 4519 frumenti,
1348 4440 1410 4508 alio

172 4551 282 4612 antem
307 4543 347 4610 de
370 4542 446 4624 sale,
469 4543 555 4630 quod
577 4543 720 4610 dedimus
736 4562 792 4625 pro
808 4543 870 4608 fine
885 4544 963 4624 sibi,
985 4549 1017 4610 et
1032 4544 1091 4609 hoo
1106 4543 1222 4610 iactum
1239 4551 1287 4612 est
1302 4564 1408 4611 coram

173 4650 336 4734 Stephano
359 4648 424 4716 filio
447 4648 555 4732 iupani
577 4649 722 4717 Pribine⁸
745 4653 778 4715 et
799 4649 977 4732 presbitero
1010 4649 1156 4716 Prodano
1179 4655 1212 4716 et
1233 4650 1406 4732 presbitero

172 4754 410 4843 Drag(i)sano,⁹
432 4760 529 4836 atque
550 4753 672 4836 Girgi¹⁰
695 4754 734 4820 de
757 4753 882 4839 Tuguri.
915 4757 934 4838 †
