3572 5276
1413 440 1473 504 391

234 635 302 700 κατ’
334 641 427 702 αὐτοῦ
456 639 688 714 ἀποστήλαντος
713 631 761 704 διὰ
789 649 845 704 τοῦ
874 641 988 722 gritze,
1013 643 1117 726 capita
1139 663 1248 711 eorum
1269 649 1366 726 atque
1388 663 1477 712 arma

234 738 394 829 Μαρμαήμ
404 745 454 805 καὶ
466 751 521 806 τοῦ
529 741 666 833 Σιγμτζη
675 736 841 832 Θεοδωρου,
871 747 1059 829 imperatori
1088 748 1231 814 Romano
1262 750 1349 816 misit
1377 751 1475 818 viete-

234 838 275 908 ὧν
296 847 347 908 καὶ
367 843 423 919 τάς
445 846 576 934 κεφαλὰς
594 849 644 911 καὶ
659 845 779 935 ἅρματα
806 850 840 912 ἐκ
871 849 936 916 riae
970 854 1082 932 partae
1115 852 1207 936 signa
1241 853 1358 936 (adhuc
1392 855 1476 920 enini

236 959 290 1013 τοῦ
312 947 444 1036 πολέμου
459 949 617 1014 ἀπέστειλε
631 951 701 1038 πρὸς
718 951 770 1014 τὸν
786 953 840 1034 βοι-
868 953 988 1020 bellurn
1010 954 1094 1022 inter
1115 955 1272 1038 Bulgaros
1303 962 1337 1023 et
1358 957 1475 1024 Roma·

232 1052 317 1117 αλέα
332 1051 486 1142 Ῥωμαίων
500 1055 623 1119 ἐπινίκια
639 1048 692 1145 (ἔτι
712 1055 768 1144 γαρ
789 1079 841 1144 με·
869 1075 927 1124 nos
958 1059 1077 1144 erat)³;
1107 1077 1166 1126 nee
1194 1079 1333 1143 unquam
1363 1062 1475 1129 subiici

231 1157 305 1242 ταξὺ
320 1155 473 1244 Ῥωμαίων
495 1161 545 1223 καὶ
560 1157 738 1246 Βουλγαρων
753 1157 837 1247 μάχη
868 1161 1011 1230 Romano
1027 1163 1212 1246 imperatori
1235 1171 1269 1232 et
1290 1184 1403 1248 parere
1420 1166 1474 1233 de-

231 1252 302 1354 ήνήξ
326 1251 469 1326 οὐδέποτε
492 1251 526 1325 δὲ
547 1261 710 1341 ἐπαύσατο,
735 1261 839 1336 καθὼς
869 1265 1004 1351 sinebat,
1021 1267 1288 1348 quemadmodum
1302 1273 1335 1334 et
1351 1269 1474 1351 priores

231 1367 282 1429 καὶ
303 1369 330 1428 οἱ
351 1365 407 1453 πρὸ
421 1368 515 1429 αὑτοῦ
530 1365 669 1454 ἄρχοντες
691 1365 836 1430 ἀπέστελ-
868 1368 1028 1451 principes
1058 1370 1184 1438 liuttere
1207 1371 1248 1438 ad
1271 1371 1358 1454 ipsos
1388 1372 1473 1440 soliti

230 1471 282 1532 λον
315 1469 387 1557 πρὸς
419 1468 487 1544 τοὺς
517 1471 642 1552 βασιλεῖς
672 1468 835 1558 Ῥωμαίων,
867 1477 968 1539 erant.

229 1575 279 1637 καὶ
301 1573 538 1662 ὑποτασσόμενος
559 1577 609 1638 καὶ
624 1564 769 1639 δουλεύων
784 1577 834 1637 αὐ·
909 1575 1065 1659 Symeone
1080 1594 1156 1646 vero
1171 1578 1286 1644 iterum
1306 1597 1405 1646 novas
1420 1597 1472 1648 uo·

228 1689 298 1751 τσῖς.
869 1681 940 1763 pies
973 1683 1119 1749 mittente
1147 1687 1258 1750 contre
1286 1683 1471 1752 Zachariam

273 1781 371 1846 Πάλιν
394 1773 426 1847 δὲ
448 1782 622 1848 ἀπέστειλεν
646 1783 743 1872 ἕτερον
765 1803 836 1871 poo-
867 1785 1041 1868 principem
1069 1787 1128 1854 sub
1158 1786 1330 1869 praefectis
1360 1787 1470 1857 Gneno

229 1884 321 1950 σάτον
335 1891 352 1950 o
367 1884 489 1975 Συμεὼν
512 1879 560 1952 διὰ
581 1897 636 1952 τοῦ
656 1885 772 1958 Κνήνου
786 1891 837 1952 καὶ
867 1895 899 1957 et
910 1888 1072 1957 Hemneco
1085 1908 1122 1956 ec
1133 1891 1308 1972 Etzboolia,
1325 1898 1359 1958 et
1372 1894 1470 1960 misso

229 2000 284 2054 τοῦ
314 1989 464 2080 Ὴμνήιιου
492 1994 543 2056 καὶ
572 2002 627 2056 τοῦ
656 1989 839 2077 Ἡτζβόκλια
868 1994 960 2060 simul
977 1993 1197 2065 Tzeesthlebo.
1222 1995 1369 2063 Metuens
1395 2003 1472 2064 tuno

230 2096 312 2159 κατὰ
334 2105 389 2161 τοῦ
412 2095 552 2184 ἄρχοντος
567 2093 726 2184 Ζαχαρίου,
750 2120 837 2160 uora-
854 2093 928 2164 'sibi
943 2098 1114 2165 Zacharias
1128 2100 1160 2164 in
1176 2099 1382 2167 Chrobatiam
1397 2119 1470 2183 pro·

230 2201 389 2273 ποστείλας
405 2201 469 2289 μετ’
484 2204 583 2264 αὐτῶν
598 2203 648 2264 καὶ
664 2199 835 2286 Thetonio-
865 2202 956 2285 fugit.
980 2201 1110 2285 Bulgari
1141 2209 1246 2272 autem
1270 2205 1404 2288 zupanis
1427 2205 1470 2274 ai·

231 2305 291 2387 βον.
315 2304 389 2369 τότε
411 2309 427 2368 ὁ
450 2303 502 2392 μὲν
524 2303 674 2393 Ζαχαμας
696 2307 838 2393 φοβηθεὶς
867 2305 1066 2390 guimarum,
1090 2313 1127 2372 ut
1146 2326 1181 2374 se
1198 2310 1413 2392 convenirent,
1437 2315 1471 2377 et

230 2408 329 2497 φεύγει
350 2410 380 2472 ἐν
402 2406 573 2495 Χρωβατίᾳ·
598 2413 625 2471 οἱ
647 2400 680 2473 δὲ
699 2407 836 2499 Βούλγα-
866 2412 1038 2493 principem
1070 2410 1317 2478 Troesthlabum
1345 2414 1468 2497 excipe-

228 2535 269 2602 ροι
290 2512 470 2600 μηνύσαντες
490 2525 552 2587 τοῖς
571 2513 722 2598 ζουπάνοις
737 2515 835 2578 ἐλθεῖν
864 2521 951 2598 rent3
974 2517 1216 2599 iuramentoque
1236 2517 1396 2600 deceptae,
1421 2525 1469 2586 at·

229 2617 299 2705 πρὸς
314 2617 421 2692 αὐτοὺς
435 2619 485 2680 καὶ
505 2619 688 2705 παραλαβεῖν
703 2617 836 2705 ἄρχοντα
865 2637 927 2702 que
949 2621 990 2686 ad
1013 2619 1150 2702 primum
1173 2639 1290 2703 pagum
1313 2621 1469 2689 adductos

227 2721 280 2785 τὸν
296 2719 515 2805 Ίῑεέσθλαβον,
537 2725 587 2785 καὶ
603 2713 637 2786 δι’
658 2723 743 2809 ὅρκου
764 2722 835 2786 τού-
865 2725 1010 2806 protinus
1040 2724 1073 2789 in
1106 2724 1232 2790 vincula
1264 2726 1468 2808 eoniicientes

227 2847 298 2900 τους
319 2826 531 2900 ἀπατήσαντος
559 2829 610 2890 καὶ
640 2826 835 2917 ἐξαγαγόντες
866 2827 1022 2895 Serbliam
1038 2828 1233 2910 invaserunt,
1252 2831 1468 2914 populumque

227 2929 311 3018 μέχρι
338 2939 393 2994 τοῦ
422 2930 541 3016 πρώτου
562 2931 677 3018 χωρ1ου,
701 2933 751 2994 καὶ
772 2954 832 2994 πα·
862 2950 986 2999 omnem
1017 2951 1037 2998 a
1069 2933 1197 2999 minimo
1227 2933 1269 3000 ad
1298 2935 1467 3000 maximum

227 3035 323 3122 ραοτά
351 3024 550 3120 δωμήσαντες
582 3035 705 3116 αὐτοὺς,
737 3039 833 3106 εἰσήλ-
863 3036 897 3100 in
907 3035 1090 3118 Bulgariam
1105 3037 1321 3116 abduxerunt;
1339 3038 1467 3118 quidam

226 3141 283 3203 θον
311 3141 341 3204 tv
370 3135 496 3226 Σερβλία
525 3139 575 3202 καὶ
597 3148 760 3221 σονεπαραν
781 3139 835 3202 τὸν
864 3158 941 3206 vero
975 3139 1102 3224 profugi
1135 3140 1168 3206 in
1201 3139 1404 3207 chrobatiam
1432 3158 1468 3208 se

229 3243 352 3307 ἅπαντα
367 3243 441 3306 λαὸν
455 3241 517 3305 ἀπὸ
542 3251 642 3330 μικροῦ
664 3229 718 3317 ἕως
740 3241 834 3330 paya-
863 3249 1073 3327 receperunt3
1097 3245 1276 3326 mansitque
1298 3244 1388 3327 regio
1411 3244 1466 3312 de·

224 3350 289 3429 λου,
311 3348 362 3410 καὶ
384 3346 540 3434 εἰσήγαγον
563 3345 617 3419 ἕως
639 3344 828 3435 Βουλγαρήας·
861 3347 974 3414 solata.

224 3449 300 3524 τινὲς
321 3441 355 3514 δὲ
376 3441 595 3539 ἀποδράσαντες
621 3451 759 3522 εἰσῆλθον
781 3453 831 3514 καὶ

226 3556 257 3619 ἐν
279 3553 460 3642 Χριοβατίᾳς
493 3556 543 3618 καὶ
565 3559 672 3642 ἔμεινεν
701 3557 721 3626 ri
747 3553 831 3642 χώρα

224 3664 339 3747 ‘uma-
994 3721 997 3727 ,

313 3783 495 3846 Constantio.
511 3785 655 3862 porphyr.
672 3784 709 3844 de
724 3783 802 3845 adm.
818 3783 888 3860 imp.
907 3801 932 3845 ο.
950 3785 1002 3844 32.
1018 3801 1048 3860 p.
1067 3783 1204 3843 157-8.
1220 3781 1267 3844 ed.
1283 3783 1376 3847 Bonn.

261 3903 269 3935 ¹
287 3901 335 3969 qui
354 3900 460 3956 interea
477 3899 521 3955 die
542 3903 573 3955 17
591 3899 742 3955 decembris
768 3916 791 3955 a.
811 3902 871 3970 920,
890 3915 946 3968 qna
970 3897 1141 3955 Constantini
1168 3897 1219 3953 vu
1242 3897 1467 3971 porphyrogeniti

223 3989 328 4056 autina,
351 3987 458 4057 imperii
484 3986 607 4044 habenae
625 3987 751 4043 obtinuit.
773 3985 893 4042 Muralt:
922 3984 1004 4042 Eseai
1021 3985 1054 4040 de
1072 3979 1296 4056 chronographie
1319 3983 1467 4056 byzantino

223 4075 245 4144 1,
264 4077 326 4142 498,
398 4075 409 4106 ¹
427 4073 549 4144 adeoque
567 4088 592 4129 a.
611 4077 670 4129 923.
744 4075 754 4104 ³
772 4073 894 4142 adeoque
913 4079 977 4128 ante
995 4074 1012 4126 9
1030 4072 1193 4142 septembrio
1208 4075 1268 4140 924,
1287 4085 1340 4140 quo
1352 4070 1386 4125 de
1398 4085 1467 4140 paoe

221 4163 295 4217 inter
312 4160 472 4232 symeonem
492 4167 519 4216 et
536 4161 686 4218 Romanum
711 4161 890 4230 imperatores
914 4159 967 4230 „ad
989 4159 1173 4215 Blachernar¹⁴
1192 4157 1237 4227 agi
1255 4158 1352 4228 eoepit.
1377 4157 1466 4214 Theo·

221 4248 308 4319 phan.
327 4248 427 4304 contin.
446 4247 494 4304 lib.
513 4247 560 4318 VI,
578 4264 601 4303 ο.
623 4251 654 4303 15
671 4265 698 4318 p.
717 4249 777 4304 405.
797 4247 913 4318 Symeon
930 4247 1052 4317 magistr.
1071 4246 1105 4300 de
1124 4245 1263 4301 Constant.
1288 4243 1418 4315 porphyr.
1437 4249 1466 4298 et

221 4335 345 4391 Romano
362 4335 508 4404 Laoapeno
527 4351 549 4388 ο.
569 4336 610 4402 29,
628 4352 654 4404 p.
674 4337 725 4389 731
743 4333 785 4389 ed.
804 4334 890 4390 Bonn.
910 4334 1007 4405 Georg.
1027 4348 1098 4387 mon.
1117 4331 1150 4387 de
1170 4331 1311 4387 Constant.
1324 4329 1424 4401 porph.
1438 4334 1466 4386 et

221 4423 344 4480 Romano
363 4439 385 4478 c.
407 4424 439 4476 17
458 4438 484 4492 p.
504 4424 555 4478 898
573 4419 615 4478 ed.
633 4421 720 4478 Bonn.
