<?xml version="1.0" encoding="UTF-8"?>
<!DOCTYPE html PUBLIC "-//W3C//DTD XHTML 1.0 Transitional//EN"
    "http://www.w3.org/TR/xhtml1/DTD/xhtml1-transitional.dtd">
<html xmlns="http://www.w3.org/1999/xhtml" xml:lang="en" lang="en">
 <head>
  <title>
</title>
<meta http-equiv="Content-Type" content="text/html;charset=utf-8" />
  <meta name='ocr-system' content='tesseract 3.04.00' />
  <meta name='ocr-capabilities' content='ocr_page ocr_carea ocr_par ocr_line ocrx_word'/>
</head>
<body>
  <div class='ocr_page' id='page_1' title='image "./documentahistor00ragoog_0498.png"; bbox 0 0 3548 5282; ppageno 0'>
   <div class='ocr_carea' id='block_1_1' title="bbox 318 365 383 433">
    <p class='ocr_par' dir='ltr' id='par_1_1' title="bbox 318 365 383 433">
     <span class='ocr_line' id='line_1_1' title="bbox 318 365 383 433; baseline 0.062 -4"><span class='ocrx_word' id='word_1_1' title='bbox 318 365 383 433; x_wconf 81' lang='lat'>468</span> 
     </span>
    </p>
   </div>
   <div class='ocr_carea' id='block_1_2' title="bbox 310 566 1560 4303">
    <p class='ocr_par' dir='ltr' id='par_1_2' title="bbox 310 566 1560 4303">
     <span class='ocr_line' id='line_1_2' title="bbox 313 566 1558 649; baseline -0.002 -12"><span class='ocrx_word' id='word_1_2' title='bbox 313 568 548 649; x_wconf 76' lang='lat' dir='ltr'><strong>adunationem,</strong></span> <span class='ocrx_word' id='word_1_3' title='bbox 572 585 642 635; x_wconf 89' lang='lat' dir='ltr'>oum</span> <span class='ocrx_word' id='word_1_4' title='bbox 665 567 825 636; x_wconf 88' lang='lat' dir='ltr'>uniuersis</span> <span class='ocrx_word' id='word_1_5' title='bbox 849 569 943 637; x_wconf 87' lang='lat' dir='ltr'>sociis</span> <span class='ocrx_word' id='word_1_6' title='bbox 958 566 1151 634; x_wconf 85' lang='lat' dir='ltr'>Maleuillam</span> <span class='ocrx_word' id='word_1_7' title='bbox 1168 568 1338 648; x_wconf 73' lang='lat' dir='ltr'>deserent,</span> <span class='ocrx_word' id='word_1_8' title='bbox 1361 568 1419 635; x_wconf 86' lang='lat' dir='ltr'>sed</span> <span class='ocrx_word' id='word_1_9' title='bbox 1442 573 1558 636; x_wconf 87' lang='lat' dir='ltr'>cuncta</span> 
     </span>
     <span class='ocr_line' id='line_1_3' title="bbox 312 672 1555 757; baseline 0 -17"><span class='ocrx_word' id='word_1_10' title='bbox 312 673 415 756; x_wconf 88' lang='lat' dir='ltr'>spolia</span> <span class='ocrx_word' id='word_1_11' title='bbox 436 691 615 756; x_wconf 80' lang='lat' dir='ltr'>gregesque</span> <span class='ocrx_word' id='word_1_12' title='bbox 637 691 675 738; x_wconf 90' lang='lat' dir='ltr'>ac</span> <span class='ocrx_word' id='word_1_13' title='bbox 696 674 848 756; x_wconf 89' lang='lat' dir='ltr'>praedam</span> <span class='ocrx_word' id='word_1_14' title='bbox 871 691 1026 755; x_wconf 89' lang='lat' dir='ltr'>equorum</span> <span class='ocrx_word' id='word_1_15' title='bbox 1047 672 1218 757; x_wconf 89' lang='lat' dir='ltr'>abducens,</span> <span class='ocrx_word' id='word_1_16' title='bbox 1250 673 1393 739; x_wconf 86' lang='lat' dir='ltr'>Marcam</span> <span class='ocrx_word' id='word_1_17' title='bbox 1418 675 1555 740; x_wconf 90' lang='lat' dir='ltr'>transire</span> 
     </span>
     <span class='ocr_line' id='line_1_4' title="bbox 314 775 1559 862; baseline 0 -18"><span class='ocrx_word' id='word_1_18' title='bbox 314 776 480 860; x_wconf 79' lang='lat' dir='ltr'><strong>disposuit.</strong></span> <span class='ocrx_word' id='word_1_19' title='bbox 504 775 569 844; x_wconf 85' lang='lat' dir='ltr'>Sed</span> <span class='ocrx_word' id='word_1_20' title='bbox 592 794 710 860; x_wconf 90' lang='lat' dir='ltr'>paucas</span> <span class='ocrx_word' id='word_1_21' title='bbox 734 797 842 862; x_wconf 85' lang='lat' dir='ltr'>naues,</span> <span class='ocrx_word' id='word_1_22' title='bbox 865 796 998 844; x_wconf 88' lang='lat' dir='ltr'>numero</span> <span class='ocrx_word' id='word_1_23' title='bbox 1021 783 1145 844; x_wconf 90' lang='lat' dir='ltr'>tantum</span> <span class='ocrx_word' id='word_1_24' title='bbox 1169 783 1295 844; x_wconf 90' lang='lat' dir='ltr'>centum</span> <span class='ocrx_word' id='word_1_25' title='bbox 1327 778 1559 860; x_wconf 80' lang='lat' dir='ltr'><strong>quinquaginta</strong></span> 
     </span>
     <span class='ocr_line' id='line_1_5' title="bbox 312 881 1558 968; baseline 0.002 -22"><span class='ocrx_word' id='word_1_26' title='bbox 312 881 345 947; x_wconf 93' lang='lat' dir='ltr'>in</span> <span class='ocrx_word' id='word_1_27' title='bbox 368 886 436 948; x_wconf 91' lang='lat' dir='ltr'>toto</span> <span class='ocrx_word' id='word_1_28' title='bbox 459 881 567 950; x_wconf 92' lang='lat' dir='ltr'>littore</span> <span class='ocrx_word' id='word_1_29' title='bbox 590 882 722 968; x_wconf 89' lang='lat' dir='ltr'>inuenit,</span> <span class='ocrx_word' id='word_1_30' title='bbox 753 882 867 965; x_wconf 86' lang='lat' dir='ltr'>quibus</span> <span class='ocrx_word' id='word_1_31' title='bbox 897 887 987 948; x_wconf 88' lang='lat' dir='ltr'>tanta</span> <span class='ocrx_word' id='word_1_32' title='bbox 1010 881 1180 949; x_wconf 90' lang='lat' dir='ltr'>multitudo</span> <span class='ocrx_word' id='word_1_33' title='bbox 1211 883 1317 949; x_wconf 90' lang='lat' dir='ltr'>subito</span> <span class='ocrx_word' id='word_1_34' title='bbox 1339 887 1450 965; x_wconf 88' lang='lat' dir='ltr'>posset</span> <span class='ocrx_word' id='word_1_35' title='bbox 1472 887 1558 948; x_wconf 79' lang='lat' dir='ltr'>uan-</span> 
     </span>
     <span class='ocr_line' id='line_1_6' title="bbox 313 985 1559 1074; baseline 0.001 -22"><span class='ocrx_word' id='word_1_36' title='bbox 313 985 378 1053; x_wconf 85' lang='lat' dir='ltr'>sire</span> <span class='ocrx_word' id='word_1_37' title='bbox 399 990 433 1053; x_wconf 89' lang='lat' dir='ltr'>ot</span> <span class='ocrx_word' id='word_1_38' title='bbox 455 986 594 1053; x_wconf 86' lang='lat' dir='ltr'>euadere</span> <span class='ocrx_word' id='word_1_39' title='bbox 615 990 748 1069; x_wconf 91' lang='lat' dir='ltr'>propter</span> <span class='ocrx_word' id='word_1_40' title='bbox 769 987 915 1054; x_wconf 90' lang='lat' dir='ltr'>timorem</span> <span class='ocrx_word' id='word_1_41' title='bbox 946 985 1033 1069; x_wconf 88' lang='lat' dir='ltr'>regis</span> <span class='ocrx_word' id='word_1_42' title='bbox 1056 986 1090 1052; x_wconf 94' lang='lat' dir='ltr'>in</span> <span class='ocrx_word' id='word_1_43' title='bbox 1111 985 1299 1054; x_wconf 89' lang='lat' dir='ltr'>fortitudine</span> <span class='ocrx_word' id='word_1_44' title='bbox 1328 986 1420 1070; x_wconf 90' lang='lat' dir='ltr'>graui</span> <span class='ocrx_word' id='word_1_45' title='bbox 1447 1006 1559 1074; x_wconf 87' lang='lat' dir='ltr'>super·</span> 
     </span>
     <span class='ocr_line' id='line_1_7' title="bbox 312 1088 1558 1173; baseline 0.001 -17"><span class='ocrx_word' id='word_1_46' title='bbox 312 1089 480 1158; x_wconf 88' lang='lat' dir='ltr'>uenientis.</span> <span class='ocrx_word' id='word_1_47' title='bbox 503 1089 598 1158; x_wconf 88' lang='lat' dir='ltr'>Unde</span> <span class='ocrx_word' id='word_1_48' title='bbox 620 1109 715 1172; x_wconf 91' lang='lat' dir='ltr'>quam</span> <span class='ocrx_word' id='word_1_49' title='bbox 749 1090 886 1173; x_wconf 87' lang='lat' dir='ltr'>plurimi,</span> <span class='ocrx_word' id='word_1_50' title='bbox 919 1091 1034 1173; x_wconf 91' lang='lat' dir='ltr'>quibus</span> <span class='ocrx_word' id='word_1_51' title='bbox 1064 1109 1163 1156; x_wconf 89' lang='lat' dir='ltr'>naues</span> <span class='ocrx_word' id='word_1_52' title='bbox 1185 1088 1378 1172; x_wconf 79' lang='lat' dir='ltr'>defecerant,</span> <span class='ocrx_word' id='word_1_53' title='bbox 1409 1091 1558 1157; x_wconf 90' lang='lat' dir='ltr'>iunctura</span> 
     </span>
     <span class='ocr_line' id='line_1_8' title="bbox 312 1193 1554 1277; baseline 0.004 -19"><span class='ocrx_word' id='word_1_54' title='bbox 312 1193 470 1277; x_wconf 90' lang='lat' dir='ltr'>lignorum</span> <span class='ocrx_word' id='word_1_55' title='bbox 493 1199 526 1262; x_wconf 91' lang='lat' dir='ltr'>et</span> <span class='ocrx_word' id='word_1_56' title='bbox 548 1195 749 1277; x_wconf 78' lang='lat' dir='ltr'>copulatione</span> <span class='ocrx_word' id='word_1_57' title='bbox 771 1194 923 1261; x_wconf 91' lang='lat' dir='ltr'>uiminum</span> <span class='ocrx_word' id='word_1_58' title='bbox 946 1195 1082 1262; x_wconf 89' lang='lat' dir='ltr'>transire</span> <span class='ocrx_word' id='word_1_59' title='bbox 1105 1195 1284 1262; x_wconf 88' lang='lat' dir='ltr'>certabant.</span> <span class='ocrx_word' id='word_1_60' title='bbox 1317 1193 1379 1263; x_wconf 88' lang='lat' dir='ltr'>Sed</span> <span class='ocrx_word' id='word_1_61' title='bbox 1403 1216 1423 1263; x_wconf 90' lang='lat' dir='ltr'>a</span> <span class='ocrx_word' id='word_1_62' title='bbox 1444 1195 1554 1263; x_wconf 80' lang='lat' dir='ltr'>Pince</span> 
     </span>
     <span class='ocr_line' id='line_1_9' title="bbox 315 1297 1558 1385; baseline 0.002 -22"><span class='ocrx_word' id='word_1_63' title='bbox 315 1297 457 1385; x_wconf 78' lang='lat' dir='ltr'>nariis¹⁴,</span> <span class='ocrx_word' id='word_1_64' title='bbox 481 1297 535 1382; x_wconf 93' lang='lat' dir='ltr'>qui</span> <span class='ocrx_word' id='word_1_65' title='bbox 566 1298 751 1382; x_wconf 90' lang='lat' dir='ltr'>Bulgariam</span> <span class='ocrx_word' id='word_1_66' title='bbox 773 1297 1002 1383; x_wconf 87' lang='lat' dir='ltr'>inhabitabant,</span> <span class='ocrx_word' id='word_1_67' title='bbox 1035 1298 1162 1382; x_wconf 90' lang='lat' dir='ltr'>plurimi</span> <span class='ocrx_word' id='word_1_68' title='bbox 1183 1298 1217 1364; x_wconf 93' lang='lat' dir='ltr'>in</span> <span class='ocrx_word' id='word_1_69' title='bbox 1239 1299 1310 1382; x_wconf 89' lang='lat' dir='ltr'>ipsa</span> <span class='ocrx_word' id='word_1_70' title='bbox 1342 1299 1500 1384; x_wconf 89' lang='lat' dir='ltr'>lignorum</span> <span class='ocrx_word' id='word_1_71' title='bbox 1524 1305 1558 1366; x_wconf 92' lang='lat' dir='ltr'>et</span> 
     </span>
     <span class='ocr_line' id='line_1_10' title="bbox 314 1401 1555 1488; baseline 0.002 -20"><span class='ocrx_word' id='word_1_72' title='bbox 314 1401 467 1469; x_wconf 80' lang='lat' dir='ltr'>ruminum</span> <span class='ocrx_word' id='word_1_73' title='bbox 490 1403 691 1486; x_wconf 81' lang='lat' dir='ltr'>copulatione</span> <span class='ocrx_word' id='word_1_74' title='bbox 712 1401 904 1470; x_wconf 86' lang='lat' dir='ltr'>fluctuantes</span> <span class='ocrx_word' id='word_1_75' title='bbox 936 1403 1003 1470; x_wconf 92' lang='lat' dir='ltr'>sine</span> <span class='ocrx_word' id='word_1_76' title='bbox 1032 1403 1259 1488; x_wconf 87' lang='lat' dir='ltr'>gubernaculo,</span> <span class='ocrx_word' id='word_1_77' title='bbox 1290 1407 1323 1471; x_wconf 91' lang='lat' dir='ltr'>et</span> <span class='ocrx_word' id='word_1_78' title='bbox 1353 1423 1373 1469; x_wconf 91' lang='lat' dir='ltr'>a</span> <span class='ocrx_word' id='word_1_79' title='bbox 1402 1403 1555 1471; x_wconf 90' lang='lat' dir='ltr'>societate</span> 
     </span>
     <span class='ocr_line' id='line_1_11' title="bbox 314 1501 1558 1590; baseline 0.002 -18"><span class='ocrx_word' id='word_1_80' title='bbox 314 1507 475 1574; x_wconf 88' lang='lat' dir='ltr'>interdum</span> <span class='ocrx_word' id='word_1_81' title='bbox 512 1506 615 1587; x_wconf 90' lang='lat' dir='ltr'>diuisi,</span> <span class='ocrx_word' id='word_1_82' title='bbox 649 1507 775 1590; x_wconf 75' lang='lat' dir='ltr'>sagittis</span> <span class='ocrx_word' id='word_1_83' title='bbox 798 1505 911 1573; x_wconf 84' lang='lat' dir='ltr'>confixi</span> <span class='ocrx_word' id='word_1_84' title='bbox 933 1506 1130 1574; x_wconf 85' lang='lat' dir='ltr'>interierunt.</span> <span class='ocrx_word' id='word_1_85' title='bbox 1158 1507 1278 1574; x_wconf 87' lang='lat' dir='ltr'>Videns</span> <span class='ocrx_word' id='word_1_86' title='bbox 1301 1513 1408 1575; x_wconf 90' lang='lat' dir='ltr'>autem</span> <span class='ocrx_word' id='word_1_87' title='bbox 1434 1501 1558 1575; x_wconf 76' lang='lat' dir='ltr'>&#39;Petrus</span> 
     </span>
     <span class='ocr_line' id='line_1_12' title="bbox 313 1611 1555 1696; baseline 0.002 -20"><span class='ocrx_word' id='word_1_88' title='bbox 313 1611 475 1680; x_wconf 88' lang='lat' dir='ltr'>interitum</span> <span class='ocrx_word' id='word_1_89' title='bbox 498 1616 532 1680; x_wconf 88' lang='lat' dir='ltr'>et</span> <span class='ocrx_word' id='word_1_90' title='bbox 553 1612 802 1680; x_wconf 88' lang='lat' dir='ltr'>submersionem</span> <span class='ocrx_word' id='word_1_91' title='bbox 824 1630 963 1696; x_wconf 90' lang='lat' dir='ltr'>suornm,</span> <span class='ocrx_word' id='word_1_92' title='bbox 987 1631 1069 1695; x_wconf 92' lang='lat' dir='ltr'>quae</span> <span class='ocrx_word' id='word_1_93' title='bbox 1083 1611 1190 1695; x_wconf 83' lang='lat' dir='ltr'>fiebat,</span> <span class='ocrx_word' id='word_1_94' title='bbox 1206 1612 1374 1696; x_wconf 89' lang='lat' dir='ltr'>Baioariis,</span> <span class='ocrx_word' id='word_1_95' title='bbox 1391 1611 1555 1679; x_wconf 83' lang='lat' dir='ltr'>Alemanis</span> 
     </span>
     <span class='ocr_line' id='line_1_13' title="bbox 314 1715 1557 1810; baseline 0.001 -28"><span class='ocrx_word' id='word_1_96' title='bbox 314 1716 511 1810; x_wconf 77' lang='lat' dir='ltr'>caeterisque</span> <span class='ocrx_word' id='word_1_97' title='bbox 544 1716 728 1783; x_wconf 86' lang='lat' dir='ltr'>Teutonicis</span> <span class='ocrx_word' id='word_1_98' title='bbox 761 1734 800 1783; x_wconf 86' lang='lat' dir='ltr'>ex</span> <span class='ocrx_word' id='word_1_99' title='bbox 831 1715 1040 1798; x_wconf 89' lang='lat' dir='ltr'>promissione</span> <span class='ocrx_word' id='word_1_100' title='bbox 1074 1715 1275 1784; x_wconf 90' lang='lat' dir='ltr'>obedientiae</span> <span class='ocrx_word' id='word_1_101' title='bbox 1308 1715 1487 1802; x_wconf 90' lang='lat' dir='ltr'>imperauit,</span> <span class='ocrx_word' id='word_1_102' title='bbox 1519 1719 1557 1783; x_wconf 90' lang='lat' dir='ltr'>ut</span> 
     </span>
     <span class='ocr_line' id='line_1_14' title="bbox 313 1818 1551 1904; baseline 0.001 -18"><span class='ocrx_word' id='word_1_103' title='bbox 313 1820 517 1904; x_wconf 85' lang='lat' dir='ltr'>Francigeuis</span> <span class='ocrx_word' id='word_1_104' title='bbox 539 1818 692 1887; x_wconf 88' lang='lat' dir='ltr'>iratribus</span> <span class='ocrx_word' id='word_1_105' title='bbox 715 1820 930 1888; x_wconf 86' lang='lat' dir='ltr'>subuenirent.</span> <span class='ocrx_word' id='word_1_106' title='bbox 963 1819 1024 1899; x_wconf 83' lang='lat' dir='ltr'>Qui</span> <span class='ocrx_word' id='word_1_107' title='bbox 1045 1819 1118 1888; x_wconf 92' lang='lat' dir='ltr'>ilico</span> <span class='ocrx_word' id='word_1_108' title='bbox 1134 1831 1256 1903; x_wconf 88' lang='lat' dir='ltr'>septem</span> <span class='ocrx_word' id='word_1_109' title='bbox 1278 1820 1404 1886; x_wconf 86' lang='lat' dir='ltr'>ratibus¹</span> <span class='ocrx_word' id='word_1_110' title='bbox 1423 1821 1551 1901; x_wconf 87' lang='lat' dir='ltr'>inuecti,</span> 
     </span>
     <span class='ocr_line' id='line_1_15' title="bbox 314 1923 1556 2007; baseline -0.002 -15"><span class='ocrx_word' id='word_1_111' title='bbox 314 1930 436 2007; x_wconf 83' lang='lat' dir='ltr'>septem</span> <span class='ocrx_word' id='word_1_112' title='bbox 457 1923 623 1990; x_wconf 87' lang='lat' dir='ltr'>nauiculas</span> <span class='ocrx_word' id='word_1_113' title='bbox 645 1924 905 1992; x_wconf 86' lang='lat' dir='ltr'>Pincenariorum</span> <span class='ocrx_word' id='word_1_114' title='bbox 926 1925 1167 1992; x_wconf 88' lang='lat' dir='ltr'>submerserunt</span> <span class='ocrx_word' id='word_1_115' title='bbox 1189 1941 1260 1989; x_wconf 89' lang='lat' dir='ltr'>eum</span> <span class='ocrx_word' id='word_1_116' title='bbox 1284 1923 1556 2004; x_wconf 83' lang='lat' dir='ltr'>inhabitantibus3</span> 
     </span>
     <span class='ocr_line' id='line_1_16' title="bbox 313 2027 1557 2112; baseline -0.002 -17"><span class='ocrx_word' id='word_1_117' title='bbox 313 2033 438 2111; x_wconf 88' lang='lat' dir='ltr'>septem</span> <span class='ocrx_word' id='word_1_118' title='bbox 460 2032 585 2096; x_wconf 88' lang='lat' dir='ltr'>tantum</span> <span class='ocrx_word' id='word_1_119' title='bbox 607 2027 699 2095; x_wconf 91' lang='lat' dir='ltr'>uiuos</span> <span class='ocrx_word' id='word_1_120' title='bbox 723 2032 929 2111; x_wconf 86' lang='lat' dir='ltr'>captiuanten,</span> <span class='ocrx_word' id='word_1_121' title='bbox 953 2047 1033 2110; x_wconf 85' lang='lat' dir='ltr'>quos</span> <span class='ocrx_word' id='word_1_122' title='bbox 1055 2029 1087 2094; x_wconf 93' lang='lat' dir='ltr'>in</span> <span class='ocrx_word' id='word_1_123' title='bbox 1109 2031 1303 2112; x_wconf 88' lang='lat' dir='ltr'>presentiam</span> <span class='ocrx_word' id='word_1_124' title='bbox 1324 2027 1414 2094; x_wconf 88' lang='lat' dir='ltr'>Petri</span> <span class='ocrx_word' id='word_1_125' title='bbox 1437 2027 1557 2094; x_wconf 88' lang='lat' dir='ltr'>adduc-</span> 
     </span>
     <span class='ocr_line' id='line_1_17' title="bbox 313 2129 1560 2215; baseline -0.004 -15"><span class='ocrx_word' id='word_1_126' title='bbox 313 2136 364 2200; x_wconf 83' lang='lat' dir='ltr'>tos</span> <span class='ocrx_word' id='word_1_127' title='bbox 387 2150 426 2200; x_wconf 84' lang='lat' dir='ltr'>ex</span> <span class='ocrx_word' id='word_1_128' title='bbox 447 2136 620 2215; x_wconf 87' lang='lat' dir='ltr'>pruecepto</span> <span class='ocrx_word' id='word_1_129' title='bbox 643 2131 728 2198; x_wconf 91' lang='lat' dir='ltr'>illius</span> <span class='ocrx_word' id='word_1_130' title='bbox 750 2132 1000 2199; x_wconf 88' lang='lat' dir='ltr'>trucidauemnt.</span> <span class='ocrx_word' id='word_1_131' title='bbox 1031 2131 1102 2198; x_wconf 89' lang='lat' dir='ltr'>Hac</span> <span class='ocrx_word' id='word_1_132' title='bbox 1125 2131 1243 2199; x_wconf 91' lang='lat' dir='ltr'>ultione</span> <span class='ocrx_word' id='word_1_133' title='bbox 1265 2149 1394 2198; x_wconf 92' lang='lat' dir='ltr'>suorum</span> <span class='ocrx_word' id='word_1_134' title='bbox 1417 2129 1504 2196; x_wconf 88' lang='lat' dir='ltr'>iacta</span> <span class='ocrx_word' id='word_1_135' title='bbox 1525 2133 1560 2197; x_wconf 93' lang='lat' dir='ltr'>et</span> 
     </span>
     <span class='ocr_line' id='line_1_18' title="bbox 312 2233 1556 2319; baseline 0 -17"><span class='ocrx_word' id='word_1_136' title='bbox 312 2235 425 2302; x_wconf 84' lang='lat' dir='ltr'>Marco</span> <span class='ocrx_word' id='word_1_137' title='bbox 446 2233 543 2302; x_wconf 88' lang='lat' dir='ltr'>fluuio</span> <span class='ocrx_word' id='word_1_138' title='bbox 566 2236 713 2316; x_wconf 90' lang='lat' dir='ltr'>transito,</span> <span class='ocrx_word' id='word_1_139' title='bbox 740 2236 882 2319; x_wconf 85' lang='lat' dir='ltr'>ingentia</span> <span class='ocrx_word' id='word_1_140' title='bbox 911 2242 945 2303; x_wconf 89' lang='lat' dir='ltr'>et</span> <span class='ocrx_word' id='word_1_141' title='bbox 974 2237 1208 2319; x_wconf 85' lang='lat' dir='ltr'>spatiosissima</span> <span class='ocrx_word' id='word_1_142' title='bbox 1236 2253 1367 2303; x_wconf 88' lang='lat' dir='ltr'>nemora</span> <span class='ocrx_word' id='word_1_143' title='bbox 1397 2233 1556 2318; x_wconf 85' lang='lat' dir='ltr'>Bulgaro·</span> 
     </span>
     <span class='ocr_line' id='line_1_19' title="bbox 312 2337 1560 2422; baseline -0.002 -16"><span class='ocrx_word' id='word_1_144' title='bbox 312 2357 383 2406; x_wconf 89' lang='lat' dir='ltr'>rum</span> <span class='ocrx_word' id='word_1_145' title='bbox 404 2339 520 2408; x_wconf 91' lang='lat' dir='ltr'>Petrus</span> <span class='ocrx_word' id='word_1_146' title='bbox 541 2339 718 2422; x_wconf 87' lang='lat' dir='ltr'>ingreditur</span> <span class='ocrx_word' id='word_1_147' title='bbox 740 2356 811 2406; x_wconf 90' lang='lat' dir='ltr'>cum</span> <span class='ocrx_word' id='word_1_148' title='bbox 834 2337 985 2407; x_wconf 77' lang='lat' dir='ltr'>vehiculis</span> <span class='ocrx_word' id='word_1_149' title='bbox 1008 2339 1198 2406; x_wconf 88' lang='lat' dir='ltr'>cibariorum</span> <span class='ocrx_word' id='word_1_150' title='bbox 1221 2342 1254 2405; x_wconf 92' lang='lat' dir='ltr'>et</span> <span class='ocrx_word' id='word_1_151' title='bbox 1285 2338 1370 2405; x_wconf 91' lang='lat' dir='ltr'>omni</span> <span class='ocrx_word' id='word_1_152' title='bbox 1400 2342 1560 2421; x_wconf 88' lang='lat' dir='ltr'>apparatu</span> 
     </span>
     <span class='ocr_line' id='line_1_20' title="bbox 314 2442 1560 2528; baseline -0.004 -18"><span class='ocrx_word' id='word_1_153' title='bbox 314 2449 347 2510; x_wconf 92' lang='lat' dir='ltr'>et</span> <span class='ocrx_word' id='word_1_154' title='bbox 370 2442 480 2528; x_wconf 87' lang='lat' dir='ltr'>spoliis</span> <span class='ocrx_word' id='word_1_155' title='bbox 501 2442 689 2525; x_wconf 87' lang='lat' dir='ltr'>Belegraue.</span> <span class='ocrx_word' id='word_1_156' title='bbox 717 2442 762 2508; x_wconf 85' lang='lat' dir='ltr'>Et</span> <span class='ocrx_word' id='word_1_157' title='bbox 784 2449 906 2526; x_wconf 84' lang='lat' dir='ltr'>septem</span> <span class='ocrx_word' id='word_1_158' title='bbox 937 2442 1051 2510; x_wconf 88' lang='lat' dir='ltr'>diebus</span> <span class='ocrx_word' id='word_1_159' title='bbox 1076 2443 1108 2509; x_wconf 90' lang='lat' dir='ltr'>in</span> <span class='ocrx_word' id='word_1_160' title='bbox 1138 2442 1222 2510; x_wconf 88' lang='lat' dir='ltr'>saltu</span> <span class='ocrx_word' id='word_1_161' title='bbox 1245 2443 1474 2524; x_wconf 90' lang='lat' dir='ltr'>spatiosissimo</span> <span class='ocrx_word' id='word_1_162' title='bbox 1504 2458 1560 2506; x_wconf 85' lang='lat' dir='ltr'>en·</span> 
     </span>
     <span class='ocr_line' id='line_1_21' title="bbox 313 2543 1558 2630; baseline -0.001 -20"><span class='ocrx_word' id='word_1_163' title='bbox 313 2545 418 2629; x_wconf 89' lang='lat' dir='ltr'>pletis,</span> <span class='ocrx_word' id='word_1_164' title='bbox 451 2545 520 2628; x_wconf 89' lang='lat' dir='ltr'>ipse</span> <span class='ocrx_word' id='word_1_165' title='bbox 551 2564 622 2612; x_wconf 90' lang='lat' dir='ltr'>cum</span> <span class='ocrx_word' id='word_1_166' title='bbox 646 2546 712 2612; x_wconf 89' lang='lat' dir='ltr'>suis</span> <span class='ocrx_word' id='word_1_167' title='bbox 735 2547 847 2614; x_wconf 90' lang='lat' dir='ltr'>urbem</span> <span class='ocrx_word' id='word_1_168' title='bbox 872 2546 982 2628; x_wconf 85' lang='lat' dir='ltr'>Niczh,</span> <span class='ocrx_word' id='word_1_169' title='bbox 1000 2548 1098 2614; x_wconf 90' lang='lat' dir='ltr'>muris</span> <span class='ocrx_word' id='word_1_170' title='bbox 1121 2543 1371 2630; x_wconf 88' lang='lat' dir='ltr'>munitissimam,</span> <span class='ocrx_word' id='word_1_171' title='bbox 1395 2543 1558 2628; x_wconf 89' lang='lat' dir='ltr'>applicuit,</span> 
     </span>
     <span class='ocr_line' id='line_1_22' title="bbox 313 2647 1557 2734; baseline 0.001 -19"><span class='ocrx_word' id='word_1_172' title='bbox 313 2650 368 2718; x_wconf 93' lang='lat' dir='ltr'>ubi</span> <span class='ocrx_word' id='word_1_173' title='bbox 390 2647 508 2717; x_wconf 91' lang='lat' dir='ltr'>flumen</span> <span class='ocrx_word' id='word_1_174' title='bbox 531 2650 692 2733; x_wconf 90' lang='lat' dir='ltr'>quoddam</span> <span class='ocrx_word' id='word_1_175' title='bbox 713 2669 773 2734; x_wconf 94' lang='lat' dir='ltr'>per</span> <span class='ocrx_word' id='word_1_176' title='bbox 802 2650 963 2733; x_wconf 91' lang='lat' dir='ltr'>lapideum</span> <span class='ocrx_word' id='word_1_177' title='bbox 994 2657 1124 2734; x_wconf 87' lang='lat' dir='ltr'>pontem</span> <span class='ocrx_word' id='word_1_178' title='bbox 1146 2657 1221 2717; x_wconf 87' lang='lat' dir='ltr'>ante</span> <span class='ocrx_word' id='word_1_179' title='bbox 1244 2651 1405 2717; x_wconf 90' lang='lat' dir='ltr'>ciuitatem</span> <span class='ocrx_word' id='word_1_180' title='bbox 1432 2655 1557 2716; x_wconf 86' lang='lat' dir='ltr'>transe-</span> 
     </span>
     <span class='ocr_line' id='line_1_23' title="bbox 313 2753 1558 2840; baseline -0.001 -21"><span class='ocrx_word' id='word_1_181' title='bbox 313 2759 419 2836; x_wconf 88' lang='lat' dir='ltr'>untes,</span> <span class='ocrx_word' id='word_1_182' title='bbox 449 2759 593 2840; x_wconf 90' lang='lat' dir='ltr'>pratum,</span> <span class='ocrx_word' id='word_1_183' title='bbox 627 2755 789 2821; x_wconf 92' lang='lat' dir='ltr'>uiriditate</span> <span class='ocrx_word' id='word_1_184' title='bbox 818 2761 851 2822; x_wconf 89' lang='lat' dir='ltr'>et</span> <span class='ocrx_word' id='word_1_185' title='bbox 880 2755 1089 2838; x_wconf 88' lang='lat' dir='ltr'>amplitudine</span> <span class='ocrx_word' id='word_1_186' title='bbox 1127 2756 1364 2838; x_wconf 89' lang='lat' dir='ltr'>uoluptuosum,</span> <span class='ocrx_word' id='word_1_187' title='bbox 1388 2759 1423 2822; x_wconf 89' lang='lat' dir='ltr'>et</span> <span class='ocrx_word' id='word_1_188' title='bbox 1454 2753 1558 2836; x_wconf 91' lang='lat' dir='ltr'>ripam</span> 
     </span>
     <span class='ocr_line' id='line_1_24' title="bbox 312 2855 1557 2942; baseline 0 -20"><span class='ocrx_word' id='word_1_189' title='bbox 312 2856 451 2924; x_wconf 89' lang='lat' dir='ltr'>fluminis</span> <span class='ocrx_word' id='word_1_190' title='bbox 472 2855 543 2924; x_wconf 83' lang='lat' dir='ltr'>lixis</span> <span class='ocrx_word' id='word_1_191' title='bbox 576 2859 722 2928; x_wconf 85' lang='lat' dir='ltr'>tentoriis</span> <span class='ocrx_word' id='word_1_192' title='bbox 754 2865 1000 2942; x_wconf 88' lang='lat' dir='ltr'>occupauerunt.</span> <span class='ocrx_word' id='word_1_193' title='bbox 1028 2859 1208 2942; x_wconf 87' lang='lat' dir='ltr'>Hospitatis</span> <span class='ocrx_word' id='word_1_194' title='bbox 1247 2859 1356 2941; x_wconf 90' lang='lat' dir='ltr'>itaque</span> <span class='ocrx_word' id='word_1_195' title='bbox 1378 2857 1557 2941; x_wconf 87' lang='lat' dir='ltr'>peregrinis</span> 
     </span>
     <span class='ocr_line' id='line_1_25' title="bbox 313 2960 1557 3048; baseline 0.001 -20"><span class='ocrx_word' id='word_1_196' title='bbox 313 2962 500 3048; x_wconf 90' lang='lat' dir='ltr'>legionibus,</span> <span class='ocrx_word' id='word_1_197' title='bbox 524 2981 564 3030; x_wconf 88' lang='lat' dir='ltr'>ex</span> <span class='ocrx_word' id='word_1_198' title='bbox 594 2963 795 3045; x_wconf 90' lang='lat' dir='ltr'>prouidentia</span> <span class='ocrx_word' id='word_1_199' title='bbox 835 2964 923 3030; x_wconf 89' lang='lat' dir='ltr'>Petri</span> <span class='ocrx_word' id='word_1_200' title='bbox 953 2969 987 3030; x_wconf 93' lang='lat' dir='ltr'>et</span> <span class='ocrx_word' id='word_1_201' title='bbox 1016 2964 1170 3030; x_wconf 90' lang='lat' dir='ltr'>maiorum</span> <span class='ocrx_word' id='word_1_202' title='bbox 1204 2962 1336 3030; x_wconf 88' lang='lat' dir='ltr'>consilio</span> <span class='ocrx_word' id='word_1_203' title='bbox 1372 2960 1409 3027; x_wconf 90' lang='lat' dir='ltr'>fit</span> <span class='ocrx_word' id='word_1_204' title='bbox 1437 2961 1557 3044; x_wconf 90' lang='lat' dir='ltr'>legatio</span> 
     </span>
     <span class='ocr_line' id='line_1_26' title="bbox 313 3065 1559 3151; baseline 0 -19"><span class='ocrx_word' id='word_1_205' title='bbox 313 3065 488 3134; x_wconf 83' lang='lat' dir='ltr'>adducam</span> <span class='ocrx_word' id='word_1_206' title='bbox 511 3066 679 3151; x_wconf 88' lang='lat' dir='ltr'>Nicbitam,</span> <span class='ocrx_word' id='word_1_207' title='bbox 703 3067 876 3150; x_wconf 88' lang='lat' dir='ltr'>principem</span> <span class='ocrx_word' id='word_1_208' title='bbox 897 3067 1119 3150; x_wconf 87' lang='lat' dir='ltr'>Bulgarorum,</span> <span class='ocrx_word' id='word_1_209' title='bbox 1143 3067 1197 3150; x_wconf 94' lang='lat' dir='ltr'>qui</span> <span class='ocrx_word' id='word_1_210' title='bbox 1225 3067 1259 3133; x_wconf 93' lang='lat' dir='ltr'>in</span> <span class='ocrx_word' id='word_1_211' title='bbox 1283 3067 1396 3134; x_wconf 89' lang='lat' dir='ltr'>eadem</span> <span class='ocrx_word' id='word_1_212' title='bbox 1427 3065 1559 3132; x_wconf 88' lang='lat' dir='ltr'>ciuitate</span> 
     </span>
     <span class='ocr_line' id='line_1_27' title="bbox 312 3169 1556 3257; baseline -0.002 -21"><span class='ocrx_word' id='word_1_213' title='bbox 312 3188 468 3253; x_wconf 89' lang='lat' dir='ltr'>praesens</span> <span class='ocrx_word' id='word_1_214' title='bbox 490 3169 677 3257; x_wconf 88' lang='lat' dir='ltr'>habebatur,</span> <span class='ocrx_word' id='word_1_215' title='bbox 710 3175 867 3253; x_wconf 87' lang='lat' dir='ltr'>quatenus</span> <span class='ocrx_word' id='word_1_216' title='bbox 895 3171 1055 3239; x_wconf 89' lang='lat' dir='ltr'>licentiam</span> <span class='ocrx_word' id='word_1_217' title='bbox 1085 3171 1210 3239; x_wconf 91' lang='lat' dir='ltr'>emendi</span> <span class='ocrx_word' id='word_1_218' title='bbox 1242 3171 1328 3238; x_wconf 90' lang='lat' dir='ltr'>cibos</span> <span class='ocrx_word' id='word_1_219' title='bbox 1363 3171 1556 3254; x_wconf 88' lang='lat' dir='ltr'>acciperent.</span> 
     </span>
     <span class='ocr_line' id='line_1_28' title="bbox 312 3273 1556 3361; baseline -0.001 -21"><span class='ocrx_word' id='word_1_220' title='bbox 312 3273 405 3352; x_wconf 87' lang='lat' dir='ltr'>Quod</span> <span class='ocrx_word' id='word_1_221' title='bbox 426 3275 565 3358; x_wconf 85' lang='lat' dir='ltr'>benigne</span> <span class='ocrx_word' id='word_1_222' title='bbox 587 3278 708 3361; x_wconf 88' lang='lat' dir='ltr'>annuit,</span> <span class='ocrx_word' id='word_1_223' title='bbox 731 3276 790 3342; x_wconf 91' lang='lat' dir='ltr'>sub</span> <span class='ocrx_word' id='word_1_224' title='bbox 813 3276 874 3342; x_wconf 88' lang='lat' dir='ltr'>hac</span> <span class='ocrx_word' id='word_1_225' title='bbox 898 3281 1004 3342; x_wconf 91' lang='lat' dir='ltr'>tamen</span> <span class='ocrx_word' id='word_1_226' title='bbox 1026 3276 1214 3356; x_wconf 85' lang='lat' dir='ltr'>conditione,</span> <span class='ocrx_word' id='word_1_227' title='bbox 1239 3279 1275 3341; x_wconf 91' lang='lat' dir='ltr'>ut</span> <span class='ocrx_word' id='word_1_228' title='bbox 1296 3274 1425 3342; x_wconf 83' lang='lat' dir='ltr'>obsides</span> <span class='ocrx_word' id='word_1_229' title='bbox 1448 3275 1477 3341; x_wconf 92' lang='lat' dir='ltr'>ei</span> <span class='ocrx_word' id='word_1_230' title='bbox 1501 3275 1556 3340; x_wconf 88' lang='lat' dir='ltr'>da-</span> 
     </span>
     <span class='ocr_line' id='line_1_29' title="bbox 311 3378 1553 3464; baseline 0 -20"><span class='ocrx_word' id='word_1_231' title='bbox 311 3385 431 3460; x_wconf 89' lang='lat' dir='ltr'>rentur,</span> <span class='ocrx_word' id='word_1_232' title='bbox 456 3398 496 3445; x_wconf 92' lang='lat' dir='ltr'>ne</span> <span class='ocrx_word' id='word_1_233' title='bbox 519 3379 626 3462; x_wconf 89' lang='lat' dir='ltr'>aliqua</span> <span class='ocrx_word' id='word_1_234' title='bbox 644 3380 759 3446; x_wconf 90' lang='lat' dir='ltr'>iniuria</span> <span class='ocrx_word' id='word_1_235' title='bbox 788 3384 846 3446; x_wconf 92' lang='lat' dir='ltr'>aut</span> <span class='ocrx_word' id='word_1_236' title='bbox 872 3381 933 3459; x_wconf 93' lang='lat' dir='ltr'>uis,</span> <span class='ocrx_word' id='word_1_237' title='bbox 963 3381 1045 3447; x_wconf 90' lang='lat' dir='ltr'>sicut</span> <span class='ocrx_word' id='word_1_238' title='bbox 1066 3379 1256 3464; x_wconf 84' lang='lat' dir='ltr'>Belegraue,</span> <span class='ocrx_word' id='word_1_239' title='bbox 1291 3384 1423 3445; x_wconf 89' lang='lat' dir='ltr'>atanta</span> <span class='ocrx_word' id='word_1_240' title='bbox 1444 3378 1553 3445; x_wconf 91' lang='lat' dir='ltr'>multi·</span> 
     </span>
     <span class='ocr_line' id='line_1_30' title="bbox 310 3481 1558 3565; baseline -0.001 -16"><span class='ocrx_word' id='word_1_241' title='bbox 310 3484 421 3549; x_wconf 89' lang='lat' dir='ltr'>tudine</span> <span class='ocrx_word' id='word_1_242' title='bbox 444 3482 548 3550; x_wconf 87' lang='lat' dir='ltr'>fieret.</span> <span class='ocrx_word' id='word_1_243' title='bbox 571 3483 733 3551; x_wconf 89' lang='lat' dir='ltr'>Walterus</span> <span class='ocrx_word' id='word_1_244' title='bbox 767 3483 850 3550; x_wconf 88' lang='lat' dir='ltr'>filius</span> <span class='ocrx_word' id='word_1_245' title='bbox 872 3483 1069 3551; x_wconf 86' lang='lat' dir='ltr'>Waleramni</span> <span class='ocrx_word' id='word_1_246' title='bbox 1092 3485 1132 3551; x_wconf 96' lang='lat' dir='ltr'>de</span> <span class='ocrx_word' id='word_1_247' title='bbox 1153 3483 1275 3550; x_wconf 89' lang='lat' dir='ltr'>Bretoil</span> <span class='ocrx_word' id='word_1_248' title='bbox 1299 3482 1439 3564; x_wconf 88' lang='lat' dir='ltr'>castello,</span> <span class='ocrx_word' id='word_1_249' title='bbox 1472 3481 1558 3565; x_wconf 89' lang='lat' dir='ltr'>quod</span> 
     </span>
     <span class='ocr_line' id='line_1_31' title="bbox 311 3586 1556 3674; baseline -0.001 -21"><span class='ocrx_word' id='word_1_250' title='bbox 311 3593 362 3654; x_wconf 91' lang='lat' dir='ltr'>est</span> <span class='ocrx_word' id='word_1_251' title='bbox 383 3587 472 3654; x_wconf 86' lang='lat' dir='ltr'>iuxta</span> <span class='ocrx_word' id='word_1_252' title='bbox 494 3588 685 3670; x_wconf 91' lang='lat' dir='ltr'>Beluatium,</span> <span class='ocrx_word' id='word_1_253' title='bbox 709 3593 743 3655; x_wconf 91' lang='lat' dir='ltr'>et</span> <span class='ocrx_word' id='word_1_254' title='bbox 764 3587 956 3656; x_wconf 86' lang='lat' dir='ltr'>Godeiridus</span> <span class='ocrx_word' id='word_1_255' title='bbox 978 3589 1075 3656; x_wconf 90' lang='lat' dir='ltr'>Burel</span> <span class='ocrx_word' id='word_1_256' title='bbox 1098 3590 1138 3656; x_wconf 88' lang='lat' dir='ltr'>dc</span> <span class='ocrx_word' id='word_1_257' title='bbox 1158 3587 1308 3674; x_wconf 73' lang='lat' dir='ltr'>stampis,</span> <span class='ocrx_word' id='word_1_258' title='bbox 1333 3588 1405 3653; x_wconf 90' lang='lat' dir='ltr'>duci</span> <span class='ocrx_word' id='word_1_259' title='bbox 1429 3586 1556 3654; x_wconf 90' lang='lat' dir='ltr'>obsides</span> 
     </span>
     <span class='ocr_line' id='line_1_32' title="bbox 311 3690 1558 3774; baseline -0.002 -16"><span class='ocrx_word' id='word_1_260' title='bbox 311 3691 475 3759; x_wconf 87' lang='lat' dir='ltr'>constituti</span> <span class='ocrx_word' id='word_1_261' title='bbox 511 3699 544 3759; x_wconf 88' lang='lat' dir='ltr'>et</span> <span class='ocrx_word' id='word_1_262' title='bbox 578 3692 645 3759; x_wconf 87' lang='lat' dir='ltr'>dati</span> <span class='ocrx_word' id='word_1_263' title='bbox 678 3698 762 3759; x_wconf 88' lang='lat' dir='ltr'>sunt.</span> <span class='ocrx_word' id='word_1_264' title='bbox 796 3693 856 3760; x_wconf 88' lang='lat' dir='ltr'>His</span> <span class='ocrx_word' id='word_1_265' title='bbox 887 3693 1002 3773; x_wconf 89' lang='lat' dir='ltr'>missis,</span> <span class='ocrx_word' id='word_1_266' title='bbox 1038 3699 1071 3760; x_wconf 91' lang='lat' dir='ltr'>et</span> <span class='ocrx_word' id='word_1_267' title='bbox 1094 3712 1113 3760; x_wconf 91' lang='lat' dir='ltr'>a</span> <span class='ocrx_word' id='word_1_268' title='bbox 1136 3693 1216 3760; x_wconf 90' lang='lat' dir='ltr'>duce</span> <span class='ocrx_word' id='word_1_269' title='bbox 1238 3692 1383 3774; x_wconf 84' lang='lat' dir='ltr'>receptis,</span> <span class='ocrx_word' id='word_1_270' title='bbox 1415 3690 1558 3757; x_wconf 92' lang='lat' dir='ltr'>omnium</span> 
     </span>
     <span class='ocr_line' id='line_1_33' title="bbox 310 3795 1556 3880; baseline -0.002 -16"><span class='ocrx_word' id='word_1_271' title='bbox 310 3815 416 3864; x_wconf 88' lang='lat' dir='ltr'>rerum</span> <span class='ocrx_word' id='word_1_272' title='bbox 440 3795 629 3864; x_wconf 85' lang='lat' dir='ltr'>sufficientia</span> <span class='ocrx_word' id='word_1_273' title='bbox 658 3798 701 3865; x_wconf 93' lang='lat' dir='ltr'>ad</span> <span class='ocrx_word' id='word_1_274' title='bbox 731 3799 899 3867; x_wconf 89' lang='lat' dir='ltr'>emendum</span> <span class='ocrx_word' id='word_1_275' title='bbox 928 3799 1066 3880; x_wconf 91' lang='lat' dir='ltr'>undique</span> <span class='ocrx_word' id='word_1_276' title='bbox 1082 3797 1145 3864; x_wconf 91' lang='lat' dir='ltr'>illis</span> <span class='ocrx_word' id='word_1_277' title='bbox 1168 3815 1319 3864; x_wconf 91' lang='lat' dir='ltr'>concessa</span> <span class='ocrx_word' id='word_1_278' title='bbox 1341 3801 1407 3876; x_wconf 88' lang='lat' dir='ltr'>est;</span> <span class='ocrx_word' id='word_1_279' title='bbox 1431 3800 1465 3862; x_wconf 89' lang='lat' dir='ltr'>et</span> <span class='ocrx_word' id='word_1_280' title='bbox 1487 3811 1556 3862; x_wconf 90' lang='lat' dir='ltr'>non</span> 
     </span>
     <span class='ocr_line' id='line_1_34' title="bbox 311 3899 1555 3989; baseline 0 -23"><span class='ocrx_word' id='word_1_281' title='bbox 311 3901 503 3970; x_wconf 89' lang='lat' dir='ltr'>habentibus</span> <span class='ocrx_word' id='word_1_282' title='bbox 528 3903 613 3971; x_wconf 88' lang='lat' dir='ltr'>unde</span> <span class='ocrx_word' id='word_1_283' title='bbox 643 3909 801 3989; x_wconf 87' lang='lat' dir='ltr'>emerent,</span> <span class='ocrx_word' id='word_1_284' title='bbox 833 3901 972 3986; x_wconf 91' lang='lat' dir='ltr'>plurima</span> <span class='ocrx_word' id='word_1_285' title='bbox 991 3901 1117 3986; x_wconf 87' lang='lat' dir='ltr'>largitio</span> <span class='ocrx_word' id='word_1_286' title='bbox 1140 3900 1414 3984; x_wconf 88' lang='lat' dir='ltr'>eleemosynarum</span> <span class='ocrx_word' id='word_1_287' title='bbox 1438 3919 1458 3966; x_wconf 87' lang='lat' dir='ltr'>a</span> <span class='ocrx_word' id='word_1_288' title='bbox 1479 3899 1555 3966; x_wconf 89' lang='lat' dir='ltr'>ciui-</span> 
     </span>
     <span class='ocr_line' id='line_1_35' title="bbox 314 4007 1557 4092; baseline -0.001 -17"><span class='ocrx_word' id='word_1_289' title='bbox 314 4013 382 4075; x_wconf 86' lang='lat' dir='ltr'>tate</span> <span class='ocrx_word' id='word_1_290' title='bbox 404 4008 521 4092; x_wconf 85' lang='lat' dir='ltr'>largita</span> <span class='ocrx_word' id='word_1_291' title='bbox 543 4013 601 4078; x_wconf 85' lang='lat' dir='ltr'>est.</span> <span class='ocrx_word' id='word_1_292' title='bbox 626 4009 696 4075; x_wconf 90' lang='lat' dir='ltr'>Hac</span> <span class='ocrx_word' id='word_1_293' title='bbox 717 4009 815 4092; x_wconf 89' lang='lat' dir='ltr'>igitur</span> <span class='ocrx_word' id='word_1_294' title='bbox 836 4013 929 4074; x_wconf 91' lang='lat' dir='ltr'>nocte</span> <span class='ocrx_word' id='word_1_295' title='bbox 954 4026 1024 4074; x_wconf 91' lang='lat' dir='ltr'>cum</span> <span class='ocrx_word' id='word_1_296' title='bbox 1048 4008 1133 4074; x_wconf 91' lang='lat' dir='ltr'>omni</span> <span class='ocrx_word' id='word_1_297' title='bbox 1161 4007 1392 4090; x_wconf 88' lang='lat' dir='ltr'>tranquillitate</span> <span class='ocrx_word' id='word_1_298' title='bbox 1414 4011 1557 4090; x_wconf 88' lang='lat' dir='ltr'>peracta,</span> 
     </span>
     <span class='ocr_line' id='line_1_36' title="bbox 311 4111 1555 4198; baseline -0.002 -20"><span class='ocrx_word' id='word_1_299' title='bbox 311 4120 344 4179; x_wconf 92' lang='lat' dir='ltr'>et</span> <span class='ocrx_word' id='word_1_300' title='bbox 367 4114 532 4182; x_wconf 87' lang='lat' dir='ltr'>obsidibus</span> <span class='ocrx_word' id='word_1_301' title='bbox 555 4114 654 4181; x_wconf 89' lang='lat' dir='ltr'>Petro</span> <span class='ocrx_word' id='word_1_302' title='bbox 676 4133 696 4180; x_wconf 85' lang='lat' dir='ltr'>a</span> <span class='ocrx_word' id='word_1_303' title='bbox 718 4113 861 4198; x_wconf 90' lang='lat' dir='ltr'>principe</span> <span class='ocrx_word' id='word_1_304' title='bbox 882 4112 1021 4179; x_wconf 88' lang='lat' dir='ltr'>fideliter</span> <span class='ocrx_word' id='word_1_305' title='bbox 1050 4113 1217 4193; x_wconf 89' lang='lat' dir='ltr'>restitutis,</span> <span class='ocrx_word' id='word_1_306' title='bbox 1241 4118 1375 4181; x_wconf 90' lang='lat' dir='ltr'>centum·</span> <span class='ocrx_word' id='word_1_307' title='bbox 1397 4113 1459 4178; x_wconf 89' lang='lat' dir='ltr'>uiri</span> <span class='ocrx_word' id='word_1_308' title='bbox 1481 4111 1555 4177; x_wconf 84' lang='lat' dir='ltr'>Ale—</span> 
     </span>
     <span class='ocr_line' id='line_1_37' title="bbox 312 4214 1559 4303; baseline -0.002 -17"><span class='ocrx_word' id='word_1_309' title='bbox 312 4237 477 4287; x_wconf 93' lang='lat' dir='ltr'>manorum</span> <span class='ocrx_word' id='word_1_310' title='bbox 507 4225 641 4303; x_wconf 92' lang='lat' dir='ltr'>propter</span> <span class='ocrx_word' id='word_1_311' title='bbox 672 4220 906 4286; x_wconf 91' lang='lat' dir='ltr'>contentionem</span> <span class='ocrx_word' id='word_1_312' title='bbox 936 4216 1122 4283; x_wconf 81' lang='lat' dir='ltr'>uilissimum</span> <span class='ocrx_word' id='word_1_313' title='bbox 1163 4235 1236 4282; x_wconf 88' lang='lat' dir='ltr'>oum</span> <span class='ocrx_word' id='word_1_314' title='bbox 1258 4216 1394 4299; x_wconf 89' lang='lat' dir='ltr'>quodam</span> <span class='ocrx_word' id='word_1_315' title='bbox 1416 4214 1559 4299; x_wconf 88' lang='lat' dir='ltr'>Bulgaro</span> 
     </span>
    </p>
   </div>
   <div class='ocr_carea' id='block_1_3' title="bbox 309 4321 1560 4724">
    <p class='ocr_par' dir='ltr' id='par_1_3' title="bbox 309 4321 1560 4724">
     <span class='ocr_line' id='line_1_38' title="bbox 309 4321 1560 4410; baseline -0.003 -20"><span class='ocrx_word' id='word_1_316' title='bbox 309 4343 445 4410; x_wconf 82' lang='lat' dir='ltr'>vespere</span> <span class='ocrx_word' id='word_1_317' title='bbox 474 4323 615 4390; x_wconf 86' lang='lat' dir='ltr'>habitam</span> <span class='ocrx_word' id='word_1_318' title='bbox 645 4326 679 4389; x_wconf 91' lang='lat' dir='ltr'>in</span> <span class='ocrx_word' id='word_1_319' title='bbox 707 4323 894 4391; x_wconf 88' lang='lat' dir='ltr'>uenditione</span> <span class='ocrx_word' id='word_1_320' title='bbox 916 4328 951 4389; x_wconf 87' lang='lat' dir='ltr'>et</span> <span class='ocrx_word' id='word_1_321' title='bbox 974 4321 1123 4400; x_wconf 90' lang='lat' dir='ltr'>emtione,</span> <span class='ocrx_word' id='word_1_322' title='bbox 1157 4322 1322 4408; x_wconf 90' lang='lat' dir='ltr'>paulisper</span> <span class='ocrx_word' id='word_1_323' title='bbox 1351 4321 1508 4387; x_wconf 84' lang='lat' dir='ltr'>subtracti</span> <span class='ocrx_word' id='word_1_324' title='bbox 1538 4337 1560 4386; x_wconf 88' lang='lat' dir='ltr'>a</span> 
     </span>
     <span class='ocr_line' id='line_1_39' title="bbox 311 4425 1560 4514; baseline -0.006 -16"><span class='ocrx_word' id='word_1_325' title='bbox 311 4434 401 4513; x_wconf 87' lang='lat' dir='ltr'>tergo</span> <span class='ocrx_word' id='word_1_326' title='bbox 423 4429 559 4514; x_wconf 87' lang='lat' dir='ltr'>agminis</span> <span class='ocrx_word' id='word_1_327' title='bbox 581 4429 680 4509; x_wconf 90' lang='lat' dir='ltr'>Petri,</span> <span class='ocrx_word' id='word_1_328' title='bbox 704 4435 828 4511; x_wconf 88' lang='lat' dir='ltr'>septem</span> <span class='ocrx_word' id='word_1_329' title='bbox 850 4426 1049 4508; x_wconf 88' lang='lat' dir='ltr'>molendinis,</span> <span class='ocrx_word' id='word_1_330' title='bbox 1083 4443 1165 4509; x_wconf 88' lang='lat' dir='ltr'>quae</span> <span class='ocrx_word' id='word_1_331' title='bbox 1189 4425 1249 4493; x_wconf 91' lang='lat' dir='ltr'>snb</span> <span class='ocrx_word' id='word_1_332' title='bbox 1272 4425 1437 4508; x_wconf 86' lang='lat' dir='ltr'>praedicto</span> <span class='ocrx_word' id='word_1_333' title='bbox 1459 4428 1560 4507; x_wconf 89' lang='lat' dir='ltr'>ponte</span> 
     </span>
     <span class='ocr_line' id='line_1_40' title="bbox 309 4527 1559 4616; baseline -0.003 -17"><span class='ocrx_word' id='word_1_334' title='bbox 309 4533 343 4599; x_wconf 91' lang='lat' dir='ltr'>in</span> <span class='ocrx_word' id='word_1_335' title='bbox 365 4531 493 4601; x_wconf 85' lang='lat' dir='ltr'>flumina</span> <span class='ocrx_word' id='word_1_336' title='bbox 509 4533 679 4616; x_wconf 87' lang='lat' dir='ltr'>degebant,</span> <span class='ocrx_word' id='word_1_337' title='bbox 702 4533 809 4616; x_wconf 90' lang='lat' dir='ltr'>ignem</span> <span class='ocrx_word' id='word_1_338' title='bbox 833 4532 1050 4599; x_wconf 90' lang='lat' dir='ltr'>submiserunt</span> <span class='ocrx_word' id='word_1_339' title='bbox 1071 4535 1106 4597; x_wconf 90' lang='lat' dir='ltr'>et</span> <span class='ocrx_word' id='word_1_340' title='bbox 1126 4529 1158 4596; x_wconf 90' lang='lat' dir='ltr'>in</span> <span class='ocrx_word' id='word_1_341' title='bbox 1182 4527 1324 4596; x_wconf 76' lang='lat' dir='ltr'>fauillam</span> <span class='ocrx_word' id='word_1_342' title='bbox 1345 4529 1559 4613; x_wconf 81' lang='lat' dir='ltr'>redegerunt3</span> 
     </span>
     <span class='ocr_line' id='line_1_41' title="bbox 310 4634 1559 4724; baseline 0 -21"><span class='ocrx_word' id='word_1_343' title='bbox 310 4637 386 4721; x_wconf 92' lang='lat' dir='ltr'>quin</span> <span class='ocrx_word' id='word_1_344' title='bbox 409 4641 441 4705; x_wconf 90' lang='lat' dir='ltr'>et</span> <span class='ocrx_word' id='word_1_345' title='bbox 464 4636 576 4706; x_wconf 91' lang='lat' dir='ltr'>domos</span> <span class='ocrx_word' id='word_1_346' title='bbox 600 4639 765 4724; x_wconf 86' lang='lat' dir='ltr'>quasdam,</span> <span class='ocrx_word' id='word_1_347' title='bbox 799 4655 881 4722; x_wconf 89' lang='lat' dir='ltr'>quae</span> <span class='ocrx_word' id='word_1_348' title='bbox 904 4643 994 4706; x_wconf 81' lang='lat' dir='ltr'>cntra</span> <span class='ocrx_word' id='word_1_349' title='bbox 1016 4637 1128 4704; x_wconf 88' lang='lat' dir='ltr'>urbem</span> <span class='ocrx_word' id='word_1_350' title='bbox 1150 4640 1251 4717; x_wconf 79' lang='lat' dir='ltr'>erant,</span> <span class='ocrx_word' id='word_1_351' title='bbox 1285 4634 1378 4702; x_wconf 87' lang='lat' dir='ltr'>simili</span> <span class='ocrx_word' id='word_1_352' title='bbox 1409 4634 1559 4703; x_wconf 85' lang='lat' dir='ltr'>incendio</span> 
     </span>
    </p>
   </div>
   <div class='ocr_carea' id='block_1_4' title="bbox 0 0 1778 5282">
    <p class='ocr_par' dir='ltr' id='par_1_4' title="bbox 0 0 1778 5282">
     <span class='ocr_line' id='line_1_42' title="bbox 0 0 1778 5282; baseline 0 0"><span class='ocrx_word' id='word_1_353' title='bbox 0 0 1778 5282; x_wconf 95' lang='lat' dir='ltr'> </span> 
     </span>
    </p>
   </div>
   <div class='ocr_carea' id='block_1_5' title="bbox 845 4906 1004 5203">
    <p class='ocr_par' dir='ltr' id='par_1_5' title="bbox 845 4906 1004 5203">
     <span class='ocr_line' id='line_1_43' title="bbox 845 4906 1004 5203; baseline -0.006 -280"><span class='ocrx_word' id='word_1_354' title='bbox 845 4906 1004 5203; x_wconf 48' lang='lat' dir='ltr'><em>s</em></span> 
     </span>
    </p>
   </div>
  </div>
 </body>
</html>
