3572 5276
309 399 373 464 390

306 602 484 692 meipsa,
509 604 560 667 act
588 599 773 674 ἀποθνήσκει
803 607 832 665 ὲν
862 622 915 690 po-
944 601 1080 684 Paulus,
1104 601 1202 668 Brani
1224 599 1326 689 filins,
1363 603 1419 687 qui
1439 603 1554 687 princi·

311 711 401 794 aaa.
425 709 546 779 ασαλατ
561 696 595 772 δὲ
609 705 673 770 ἀντ’
688 709 781 770 aaa
796 703 918 779 Πτολσς
948 711 1059 790 patum
1081 707 1217 774 tmennio
1239 706 1370 774 tenure.

307 812 404 887 tota
432 809 562 900 Βράνου,
595 812 647 874 καὶ
678 809 837 898 ἐκράτησεν
865 814 919 880 ἔτη

308 915 402 1004 aptat

396 1039 579 1102 consantin.
596 1037 740 1116 porphyr.
757 1039 795 1099 dc
810 1039 884 1100 adm
905 1039 974 1120 imp.
992 1057 1017 1100 c.
1036 1041 1087 1116 32,
1103 1057 1133 1116 p.
1154 1040 1290 1099 lte-r.
1307 1037 1355 1100 cd.
1371 1039 1465 1101 Bonn.

344 1157 430 1213 ¹Leo
446 1157 486 1212 VI
504 1155 573 1212 ohiit
600 1171 624 1212 a.
649 1157 709 1210 912.
733 1154 777 1210 die
805 1159 835 1210 ll
862 1154 937 1211 Maii.
963 1155 995 1211 V.
1020 1154 1138 1212 Murnit:
1165 1154 1249 1211 Essai
1272 1153 1306 1211 de
1330 1153 1553 1225 chronographie

300 1223 461 1316 'Byzantina
478 1244 501 1312 1,
519 1243 579 1300 488.
651 1243 663 1274 ²
680 1242 750 1298 Erat
774 1257 874 1297 nonum
899 1241 992 1297 thema
1010 1241 1165 1298 Occidentis
1189 1242 1245 1296 sive
1266 1241 1396 1311 Europae
1421 1242 1467 1311 (de
1485 1241 1557 1298 The-

309 1331 429 1388 matihus
446 1330 494 1386 lib.
512 1329 548 1399 II.
566 1346 592 1400 p.
612 1328 832 1399 adpetebatque
852 1313 930 1396 ,pet
944 1311 1161 1399 κονσιλιαρίου“,
1180 1337 1209 1382 et
1232 1328 1483 1397 comprehendebat
1508 1344 1556 1384 no·

311 1433 371 1475 sem
397 1417 528 1472 civitates.
601 1415 612 1448 ³
634 1415 653 1471 i.
678 1430 701 1471 a
723 1413 924 1483 Hungarorum.
997 1415 1069 1471 ‘die
1088 1419 1123 1470 20
1140 1416 1249 1484 augusti
1271 1417 1332 1484 917,
1355 1431 1410 1485 qua
1433 1415 1550 1487 Symeon

314 1502 478 1560 Graecorum
502 1501 650 1558 exercitum
675 1499 710 1557 ad
734 1500 946 1570 internecionem
963 1500 1070 1557 delevit
1090 1501 1264 1572 Theophanis
1283 1501 1384 1557 contin.
1403 1500 1450 1559 lib.
1471 1499 1509 1556 VI
1527 1517 1551 1556 a

314 1593 355 1660 10,
373 1606 401 1660 p.
420 1591 480 1644 889.
499 1587 614 1659 Symeon
631 1602 701 1656 mag.
720 1585 754 1642 de
772 1588 910 1644 Consmnt
929 1588 1058 1660 porphpr.
1078 1604 1101 1644 α.
1122 1591 1162 1659 10,
1180 1605 1207 1659 p.
1227 1589 1279 1643 724
1297 1586 1331 1644 ed
1349 1588 1435 1644 Bonn.
1507 1587 1518 1638 i
1537 1588 1556 1642 i.

313 1693 338 1733 c.
356 1676 438 1734 annis
455 1679 595 1732 ali—920
612 1675 703 1744 quieta
720 1675 818 1731 tenuit.

313 2007 455 2070 toa-s
919 1922 949 1984 δ’

313 2142 465 2210 amana
493 2163 562 2208 cum
590 2145 778 2228 imperatore
799 2140 940 2208 Rorucao
969 2145 1120 2210 contentio
1150 2145 1188 2210 de
1210 2143 1419 2210 motando
1441 2143 1500 2209 eibi
1520 2145 1556 2208 iu

313 2246 452 2314 amittae
476 2248 692 2333 principatum
724 2247 858 2331 inductu.
891 2245 994 2313 Serhli
1022 2247 1173 2334 Badycris
1206 2249 1324 2332 infensi
1355 2251 1493 2335 miprcnt
1522 2249 1557 2314 ia

844 2350 1033 2418 Obroatiam.

362 2469 401 2536 'O
423 2462 456 2536 δὲ
479 2469 612 2554 βασιλεὺς
634 2473 650 2535 ὁ
669 2482 743 2561 κῦρος
758 2471 922 2561 Ῥομανοςι
995 2475 1149 2542 Dominus
1171 2493 1248 2544 uero
1271 2476 1434 2542 Romanus
1456 2473 1555 2558 impe-

317 2581 395 2664 ἐχων
426 2573 663 2663 ἀρχοντότουλον
696 2576 726 2640 ἐν
758 2585 800 2662 τῇ
832 2575 917 2640 τάλα
946 2581 1059 2660 rator¹,
1076 2597 1184 2646 secum
1206 2579 1326 2646 habens
1341 2578 1556 2646 Prihesthlahi

319 2678 469 2768 Ζαχαρίαν
483 2679 537 2743 τὸν
551 2678 610 2743 οἱον
625 2677 852 2766 Πριβεσθλάβου
865 2689 921 2744 τοῦ
952 2682 1096 2750 Serhliae
1126 2683 1277 2766 principis
1307 2683 1406 2750 filium
1440 2681 1559 2748 Zacha-

315 2782 458 2872 ἄρχοντος
470 2781 611 2870 Σερβλίας
629 2782 785 2848 ἀπέστειλε
799 2783 869 2872 πρὸς
883 2785 920 2849 τὸ
949 2785 1040 2867 riam,
1061 2787 1149 2854 misit
1177 2805 1260 2868 eum,
1282 2793 1320 2854 ut
1346 2787 1557 2871 principatum

318 2885 457 2978 γενέσθαι
479 2885 611 2976 ἄρροντα
633 2887 663 2950 ὲν
683 2885 819 2975 Σερβλία·
843 2888 925 2954 ἀλλὰ
955 2889 1097 2958 Serblise
1120 2897 1306 2975 occuparet3
1330 2891 1491 2958 sedilium
1506 2908 1558 2958 ve·

317 2989 462 3056 ἀπελθὼν
498 2992 549 3054 καὶ
584 2990 757 3080 πολεμήσας
798 2992 925 3065 ἡττήθη
955 2995 1096 3062 nientem
1113 2995 1234 3079 praelio
1249 2995 1414 3079 superavit
1427 2995 1556 3075 Paulus,

316 3093 398 3183 παραὶ
430 3103 486 3158 τοῦ
519 3092 653 3159 Παύλου·
687 3095 837 3183 κρατήσας
869 3096 926 3186 γὰρ
956 3105 1145 3181 captumque
1177 3099 1325 3182 Bulgaris
1363 3098 1495 3166 tradidit
1527 3099 1561 3164 in

316 3199 408 3263 αὐτὸν
430 3188 583 3286 παρέδωκε
599 3210 659 3274 τοῖς
674 3197 860 3289 Βουλγάροις,
876 3203 927 3266 καὶ
956 3203 1088 3269 vinculis
1116 3205 1352 3272 asservandum.

317 3305 469 3391 ἐκρατεῖτο
492 3292 614 3390 δέσμιος.
999 3307 1124 3374 Deinde
1147 3308 1258 3389 elapso
1286 3307 1382 3375 trium
1404 3324 1558 3373 annorum

362 3403 443 3470 Εἶτα
474 3405 553 3495 μετὰ
593 3405 711 3494 χρόνους
743 3419 834 3494 τρεῖς,
871 3419 926 3472 τοῦ
956 3409 1084 3493 spatio²,
1121 3409 1239 3478 Paulus
1273 3410 1421 3495 Bulgaris
1458 3409 1561 3478 hostis

319 3508 446 3575 Παύλου
479 3509 709 3586 ἐναντιωθέντος
741 3523 802 3586 τοῖς
835 3510 929 3577 Βουλ-
958 3513 1061 3580 faetus
1078 3513 1263 3581 Zachariam
1280 3515 1374 3593 misit
1395 3533 1489 3596 quem
1505 3515 1561 3580 do·

319 3611 428 3702 γαρονς,
451 3611 608 3678 ἀπέστειλε
629 3615 682 3676 τὸν
704 3613 855 3702 Ζαχαρίαν
876 3616 930 3679 τὸν
959 3619 1063 3684 minus
1086 3619 1246 3684 Romanus
1273 3619 1446 3700 imperator
1468 3621 1563 3684 antea

323 3717 461 3806 πρότερον
483 3717 564 3804 παρὰ
592 3727 647 3782 τοῦ
669 3729 754 3806 aupes
776 3718 930 3807 'Papavos
959 3723 1107 3806 miserat3
1129 3723 1221 3805 isque
1236 3722 1336 3788 Paulo
1352 3721 1475 3788 deiecto
1491 3720 1563 3787 Ser·

322 3831 378 3886 τοῦ
392 3821 534 3906 βασιλέως
548 3823 772 3902 ἀποσταλέντα,
796 3826 845 3886 καλ
863 3813 930 3887 διώ-
959 3825 1084 3892 hlorum
1106 3827 1317 3909 principatum
1347 3831 1499 3908 occupat,
1529 3831 1564 3893 st

320 3927 373 4010 ξας
405 3929 458 3989 τόν
491 3921 614 3990 Παῦλον
649 3924 807 4014 ἐκράτησεν
840 3927 930 4001 αὐτὸς
958 3928 1052 4010 illico,
1076 3949 1197 3997 memor
1219 3929 1453 4015 beneficiorum,
1481 3948 1563 4012 quae

221 4047 222 4050 ’
322 4029 379 4102 τὴν
401 4028 494 4118 ἀρχὴν
515 4037 576 4092 τῶν
598 4027 743 4117 Σέρβλων·
768 4029 847 4104 ὅστις
868 4052 928 4094 πα·
959 4033 1144 4100 aRomano
1171 4035 1362 4117 imperatore
1385 4040 1562 4116 acceperat,

318 4131 418 4222 ραυτσὶ
440 4141 502 4195 τῶν
524 4135 695 4221 suppiam
717 4145 772 4198 τοῦ
789 4134 931 4218 βασιλέως
960 4135 1107 4220 Buigaris
1130 4155 1165 4203 se
1187 4137 1345 4220 opposmt,
1368 4137 1489 4204 malens
1505 4154 1562 4219 po·

317 4235 478 4325 'Pmpctiuv
501 4237 690 4324 ἐπιμνησθεὶς
711 4237 828 4328 ἐγένετο
849 4238 931 4302 κατὰ
960 4240 1023 4308 tius
1065 4241 1209 4308 Romano
1252 4241 1384 4324 imperio
1430 4241 1564 4308 subesse

318 4349 386 4406 τῶν
401 4338 589 4428 Βοολγάρων,
613 4331 777 4428 μηδ’ὅλως
798 4341 930 4416 θελήσας
960 4362 1055 4426 quam
1077 4344 1233 4429 Balgaris

320 4447 508 4532 ίατοταγῆναν
523 4447 631 4528 αὐτοῖς,
652 4446 720 4509 ἀλλ’
735 4445 792 4510 ὑπὸ
807 4456 862 4510 τοῦ
876 4447 930 4529 βα-
1005 4449 1113 4527 Quare
1147 4466 1217 4513 cum
1251 4447 1423 4516 exercitum
1453 4453 1565 4514 conma

321 4547 423 4623 σνλίος
436 4551 550 4636 μᾶλλον
560 4546 713 4638 Ῥωμαίων
724 4541 931 4636 herodiadam.
962 4553 1065 4635 ipsum
1080 4553 1220 4620 misisset
1235 4551 1373 4636 Symeon
1396 4552 1456 4618 sub
1471 4570 1563 4634 prae

364 4649 467 4718 Ὥστε
490 4655 539 4718 καὶ
560 4663 616 4718 τοῦ
638 4652 760 4743 Σὺραὼν
781 4653 929 4743 ροσσάτον
958 4655 1050 4724 fectis
1073 4656 1247 4725 Murram
1269 4659 1304 4725 et
1326 4655 1494 4724 Theodoro
1515 4655 1564 4724 Si·
